2686 4800
289 361 479 434 ORATIO
504 361 610 432 PRO
635 362 674 430 P.
701 363 881 433 SULLA.
1074 389 1120 463 29

46 492 147 563 lectu
157 481 188 575 ⁸,
201 489 279 560 sine
292 486 418 574 armis,
433 484 511 557 sine
526 484 707 571 exercitu,
728 486 893 583 quinque
909 485 1120 562 hominibus

49 597 327 697 comprehensis
341 608 450 693 atque
464 591 639 666 confossis
648 603 676 681 ⁹,
687 597 898 669 incensione
911 596 1058 688 urbem,
1071 602 1123 671 in·

51 713 264 785 ternecione
290 709 410 797 cives,
433 708 596 778 vastitate
624 706 783 795 Italiam,
807 708 956 780 interitu
978 734 1123 807 rempu-

51 819 185 893 blicam
209 819 383 892 liberavi:
408 841 476 914 ego
497 818 606 888 vitatu
625 817 791 888 omnium
812 819 965 907 civium,
988 830 1122 892 statum

53 929 152 1003 orbis
178 944 298 1017 tetra,
324 926 457 1001 urbem
482 928 577 999 hanc
603 926 781 1026 denique,
807 928 928 1003 sedem
957 933 1123 1004 omniurn

56 1056 243 1129 nostrum,
263 1063 383 1113 arcem
405 1062 532 1136 regum
551 1061 592 1109 ac
610 1039 800 1109 nationum
824 1054 1050 1129 exterarum,
1070 1041 1124 1113 lu-

55 1176 138 1224 men
151 1151 333 1250 gentium,
346 1148 570 1220 domicilium
583 1148 742 1245 imperii,
757 1150 921 1248 quinque
931 1149 1124 1224 hominum

58 1265 254 1334 amentium
277 1284 320 1331 ac
340 1258 568 1358 perditorum
594 1281 703 1355 poena
723 1258 871 1329 redemi.
893 1266 951 1330 An
969 1262 1122 1332 meexi·

60 1373 207 1445 stimasti
221 1371 298 1441 baec
313 1369 513 1465 injuratum
532 1369 570 1439 in
587 1365 725 1463 judicio
739 1392 815 1438 non
830 1392 906 1441 esse
920 1368 1123 1457 dicturum,

61 1506 135 1579 quae
149 1482 333 1577 juratus¹⁰
351 1481 389 1548 in
412 1479 567 1549 maxima
584 1477 761 1548 concione
778 1476 969 1550 dixissem?

100 1596 181 1663 XII.
202 1593 321 1687 Atque
343 1590 450 1660 etiarn
465 1586 554 1659 illud
575 1585 727 1674 addam,
752 1610 798 1659 ne
819 1591 904 1684 qui¹
926 1587 1020 1660 forte
1036 1589 1126 1660 inci·

61 1704 131 1798 piat
146 1698 338 1799 improbus
350 1696 474 1769 subito
492 1712 526 1768 te
544 1707 697 1785 amare²,
715 1700 916 1793 Torquate,
934 1711 972 1768 et
988 1697 1126 1795 aliquid

61 1833 202 1909 sperare
220 1809 265 1880 de
282 1822 335 1897 te;
354 1821 480 1904 atque,
501 1821 543 1879 ut
563 1794 660 1878 idetis
682 1830 809 1879 omnes
827 1806 1041 1896 exaudiant,
1058 1807 1127 1880 cla·

61 1920 195 1991 tissima
208 1941 298 1989 voce
310 1915 441 1989 dicam.
461 1921 596 1987 Harum
614 1919 780 1987 omnium
795 1941 938 2007 rerum,
954 1942 1044 2015 quas
1058 1943 1126 2018 ego

61 2028 94 2100 in
117 2026 310 2100 consulatu
333 2051 402 2125 pro
428 2027 543 2098 salute
575 2028 761 2099 communi
787 2030 928 2126 suscepi
954 2028 991 2099 et
1016 2032 1127 2125 gessi,

60 2142 95 2211 t.
113 2138 175 2210 ille
197 2141 401 2234 Torquatus
409 2132 437 2225 ³,
462 2160 579 2235 quum
608 2151 701 2208 esset
727 2160 831 2208 meus
857 2137 1126 2210 contubernalis

60 2248 91 2320 in
104 2246 301 2321 consulatu
308 2250 337 2335 l,
350 2260 459 2344 atque
476 2247 584 2318 etiam
600 2248 639 2318 in
656 2262 812 2345 praetura
827 2244 971 2339 fuisset,
986 2262 1124 2338 auctor,

59 2514 147 2564 bdlum
169 2511 312 2576 hujusmodi
331 2511 506 2578 impendebat,
532 2524 569 2561 tn·
651 2528 689 2562 10.
701 2514 811 2563 Iunones.
831 2515 910 2578 Supra
926 2514 1030 2564 vidimus
1048 2517 1125 2567 tribu-

57 2593 159 2643 mltum
175 2610 228 2642 esse
246 2592 393 2642 decemebat
407 2604 520 2654 senatus,
539 2603 568 2640 nt
611 2608 670 2640 num
681 2592 761 2656 plebis
769 2592 891 2641 obstitisse
904 2610 935 2643 ne
949 2594 1050 2656 Cicero,
1062 2612 1124 2645 con·

57 2674 196 2722 vacationes
208 2671 360 2721 tollerentur.
611 2671 692 2720 sulatu
704 2672 802 2731 exiens,
811 2672 956 2722 concionem
968 2673 1082 2739 heberet3
1099 2688 1125 2726 st

91 2754 120 2802 8.
129 2751 187 2800 Sine
196 2750 300 2801 delectu.
316 2749 347 2799 Id
359 2760 410 2811 est,
424 2749 494 2799 nullo
507 2749 570 2799 mili·
612 2750 655 2799 ille
668 2750 829 2801 exclamavit:
850 2754 913 2801 Juro
930 2769 970 2802 me
981 2752 1073 2804 salvam
1087 2756 1124 2804 t's-

56 2840 108 2879 tutn
122 2828 221 2879 delectu
236 2828 339 2890 habito,
357 2829 433 2878 nullis
451 2828 570 2879 militibus
614 2829 675 2878 eiase
686 2829 869 2895 rempublicam.

54 2908 217 2975 cougregatis.
649 2910 710 2959 x11.
730 2923 753 2957 1.
775 2909 816 2958 Sic
833 2909 946 2960 ambros.
962 2911 1020 2961 cod.
1032 2912 1075 2963 cit.
1093 2913 1125 2964 ab

90 3005 118 3052 ⁹·
137 2987 291 3052 Quinque...
305 2985 481 3050 comprehensis
496 2996 571 3051 atque
614 2989 680 3053 Aug.
691 2988 775 3048 Maio,
796 3006 823 3054 p.
838 2991 902 3052 ado,
918 3006 950 3038 ne
962 3001 1034 3055 putes
1043 2991 1125 3059 legen·

53 3064 183 3133 consona.
194 3066 280 3115 Plures
287 3065 386 3114 luerunt
393 3065 570 3130 comprehensi,
615 3066 674 3115 dum
687 3083 752 3124 esse,
765 3067 869 3132 nequis.
883 3068 900 3115 J
901 3103 908 3117 .
913 3070 946 3115 V.
955 3069 984 3117 L.

53 3144 102 3194 aed
114 3144 147 3192 de
158 3143 270 3209 quinque
284 3143 404 3192 duntaxat
416 3144 443 3191 in
457 3143 571 3192 Tulliano
652 3163 676 3195 a.
697 3148 729 3195 Te
746 3162 842 3195 amare.
860 3146 994 3211 Tamquam
1007 3148 1045 3197 sui
1058 3149 1124 3198 simi·

55 3238 152 3272 umere
164 3233 289 3287 sumptum
304 3222 468 3288 supplicium,
484 3223 572 3271 videli·
614 3224 670 3274 lem.
681 3228 756 3272 -Et
768 3224 867 3289 aliquid
878 3241 978 3288 sperare
990 3226 1021 3274 de
1034 3238 1066 3277 te.
1076 3232 1125 3277 Fu·

55 3314 110 3362 eet,
130 3303 248 3363 Lentulo,
272 3301 380 3365 Cethego
401 3301 570 3360 senatoribus,
614 3313 697 3351 turum
718 3314 746 3352 ut
767 3312 795 3351 tu
818 3302 988 3367 improborum
1014 3304 1126 3370 partibus

56 3381 174 3445 Statilio,
192 3380 299 3430 Gabinio
312 3379 448 3445 equitibus,
466 3380 570 3445 Cepario
614 3380 701 3428 faveas.

55 3462 238 3510 Terncinense.
251 3457 500 3525 —Confosst's.Alii,
514 3475 571 3507 con-
650 3460 676 3508 3.
696 3460 727 3508 t.
745 3457 787 3506 itte
805 3459 948 3523 Torquatus.
972 3459 1020 3508 tttc
1042 3459 1126 3526 digitis

48 3538 134 3604 [ωἰε.
156 3541 189 3588 Et
212 3555 269 3588 cum
292 3538 409 3587 Sallustio
431 3548 572 3602 congruunt
615 3548 733 3587 monstrat
757 3539 909 3601 Torquatum
934 3540 961 3586 in
982 3539 1028 3588 hec
1053 3556 1125 3591 causa

56 3618 114 3683 qui,
132 3634 185 3683 cap.
196 3618 230 3666 55
239 3616 337 3667 scribit:
354 3616 482 3665 evindices
491 3633 570 3665 rernm
615 3618 686 3666 Sullae
697 3629 870 3666 accusatorem.

59 3701 198 3766 capitalium
220 3702 310 3766 laqueo
332 3700 413 3765 gulam
440 3701 570 3764 fregere».
652 3705 678 3754 lt.
698 3697 881 3747 Contubernalis
897 3696 922 3745 r'n
940 3699 1127 3749 consulantne

58 3780 118 3831 Non
130 3781 205 3845 igitur
218 3780 327 3830 confossi
339 3790 407 3829 sunt.
420 3780 520 3828 Plurimi
528 3778 573 3826 alii
616 3790 676 3827 tnnc
690 3794 744 3825 mos
755 3787 818 3836 erat,
829 3776 1050 3827 utelarissimorum
1059 3779 1127 3828 viro·

61 3861 239 3926 epitalipoena
251 3860 411 3918 affectisunt3
421 3876 476 3911 nam
486 3860 573 3910 Cicero
616 3847 671 3905 riam
686 3855 732 3904 lilii
741 3856 906 3905 adolescentes
916 3873 971 3905 cnm
985 3857 1127 3908 consulibus

61 3940 89 3987 in
104 3942 215 3989 oratioue
238 3942 309 3989 tertia
336 3940 362 3986 in
384 3938 485 3988 Catilin.
505 3937 574 3986 addit
618 3938 644 3983 in
657 3936 808 4000 provinciam
830 3934 1057 4000 proficiscerentur,
1085 3950 1127 3986 ant

10 4020 12 4057 :
62 4019 90 4068 Ι..
102 4019 230 4079 (laedunt,
249 4021 276 4068 Ρ.
289 4017 401 4076 Furium,
420 4018 452 4080 Q.
464 4018 574 4082 Magium
619 4030 675 4062 cum
688 4013 774 4062 iisdem
786 4016 872 4062 Romae
885 4027 1024 4074 manerent,
1042 4027 1067 4063 et
1085 4016 1128 4064 ad·

10 4088 12 4095 ¹
64 4096 205 4162 Cbilonn,
218 4101 248 4148 P.
256 4097 416 4148 Umbrenum.
622 4092 787 4143 ministrandae
796 4091 1129 4158 reipublicrescientiampec·
