2670 5250
134 436 541 465 “mmmm

315 618 917 779 Ancuuuuruu.

126 922 151 977 P.
167 919 287 982 Cornelim
307 921 390 985 Sulla
414 927 452 984 Δ.
472 921 606 996 1L687,
634 940 702 981 cum
725 927 757 982 P.
779 922 926 983 Autronio
947 924 1027 985 Peto
1055 928 1159 989 consul

155 1014 287 1096 designetue
302 1040 319 1079 a
332 1024 369 1079 L.
383 1024 537 1097 Torquato
551 1019 614 1079 lilio
633 1019 697 1099 lege
717 1018 878 1099 Calpurnia
896 1018 935 1080 de
950 1019 1063 1082 ambitu
1076 1042 1162 1085 accu-

152 1127 208 1174 uus
220 1129 246 1175 et
259 1116 412 1175 consulatu
426 1116 557 1194 dejectus
569 1128 622 1175 eet
635 1120 746 1177 Eorum
761 1117 829 1177 loco
841 1122 877 1177 Δ.
888 1120 927 1181 U.
937 1118 1010 1190 688.
1022 1122 1160 1183 comula·

151 1224 193 1270 tun
203 1226 346 1292 gesserunt
358 1212 540 1273 Murelim
548 1216 651 1284 Cotta,
661 1225 692 1275 et
704 1218 739 1275 Ι..
751 1214 881 1275 mintius
890 1219 1072 1295 Torquatus,
1082 1218 1161 1281 illiue

147 1308 311 1370 adolescentie
324 1324 418 1389 peter.
434 1315 539 1389 ltaque
551 1310 612 1371 Cic.
625 1310 663 1371 de
675 1309 772 1371 Finib.
785 1316 833 1385 11,
850 1332 901 1391 19,
923 1312 972 1373 hic
992 1314 1160 1393 adoleacen·

146 1407 202 1467 tulus
211 1408 318 1468 dicitur
330 1408 514 1469 consulatum
520 1413 552 1467 Ρ.
565 1408 654 1469 Sullae
666 1408 809 1488 eripuisse
819 1421 851 1470 et
862 1409 901 1471 ad
911 1424 1162 1490 patremtramtu·

143 1503 198 1565 lise.
207 1512 280 1566 Tum
293 1506 377 1565 Sulla
389 1505 490 1566 denuc
502 1512 537 1567 m
550 1506 621 1583 691,
633 1505 734 1569 Silano
744 1517 774 1565 et
786 1510 912 1567 Murena
924 1526 1162 1572 commoneatur

141 1616 172 1661 et
182 1602 216 1663 ab
229 1603 336 1663 eodem
349 1606 503 1682 Torquato
516 1601 592 1676 lilio,
604 1600 686 1681 quod
699 1602 912 1682 conjurationis
922 1606 1099 1668 Catilinarie
1110 1627 1162 1671 ao·

136 1701 181 1761 eius
194 1703 304 1763 inuret.
323 1703 362 1761 Et
377 1700 517 1780 quoniam
544 1698 592 1761 bie
611 1700 797 1781 conjuratum
812 1714 877 1763 erat
889 1722 906 1763 a
920 1704 1062 1779 Catilina,
1083 1709 1165 1767 llor-

138 1801 228 1860 temim
241 1812 273 1859 et
287 1799 394 1861 Cicero
407 1802 441 1861 Ρ.
454 1797 545 1861 Sulla
559 1796 762 1859 defensionem
772 1798 816 1859 aie
830 1798 907 1859 inter
921 1820 953 1861 ee
965 1801 1068 1881 partiti
1081 1816 1165 1877 eunt,

136 1909 160 1955 ut
169 1898 214 1957 ille
235 1916 304 1957 eum
321 1894 467 1974 aprima,
492 1894 598 1957 Cicero
616 1908 715 1957 antem
729 1893 768 1957 ab
781 1896 875 1957 altera
891 1898 1094 1979 conjuratione
1109 1898 1164 1962 ab·

134 1992 208 2055 luieae
222 1980 449 2053 demonatraret.

162 2095 195 2151 ln
214 2088 341 2151 exordio
364 2087 470 2149 Cicero
489 2106 523 2147 ae
543 2086 639 2167 iprum
659 2086 808 2159 defendit,
833 2086 915 2167 quod
935 2108 1053 2151 caueam
1073 2091 1163 2153 Sulla

131 2202 221 2248 contra
234 2192 420 2265 Torquatum
435 2185 614 2265 succeperit3
629 2183 662 2245 id
675 2182 757 2263 quod
771 2198 925 2247 accurator
938 2185 1050 2247 ciritio
1062 2202 1163 2251 verte-

131 2297 174 2344 rat
189 2288 257 2345 Non
272 2282 1162 2367 enimaeaolum,eedalioaquoqueolarieoimoavlroaejue

130 2403 212 2445 mmo
224 2383 325 2443 lavere
337 2404 347 2451 ;
361 2381 552 2443 Hortensium
564 2400 627 2441 non
638 2378 805 2455 dubitatae,
818 2381 890 2461 quin
904 2380 1092 2445 innocmtem
1110 2382 1163 2447 de·

130 2480 269 2551 [cuderem
281 2479 409 2539 aliorum
421 2478 527 2550 etiam,
538 2477 591 2557 qui
605 2478 719 2539 aelrnm
731 2478 844 2539 Sullam
859 2478 968 2554 veliet,
979 2499 1160 2543 nummorum

130 2578 249 2637 virorum
259 2576 360 2637 studio
369 2596 404 2637 ac
416 2576 558 2656 dignitate
566 2575 625 2635 hoc
633 2574 779 2655 judicium
788 2573 941 2639 celebrari.
955 2580 1015 2639 Em
1027 2580 1162 2659 quivere

130 2675 359 2753 conjuraverint,
379 2695 434 2735 nec
448 2694 467 2735 a
479 2693 527 2743 ee,
547 2694 603 2735 neo
616 2672 656 2735 ab
672 2674 737 2735 aliis
752 2674 841 2735 luiaoe
854 2673 997 2738 defensor.
1019 2680 1057 2737 Et
1069 2696 1162 2757 quum

130 2771 194 2831 duas
205 2777 375 2850 Torquatus
389 2769 605 2849 conjurationen
614 2770 817 2845 constituerit,
827 2790 915 2831 unam
926 2791 993 2849 quar
1006 2773 1121 2852 Lepido
1131 2785 1163 2833 et

130 2871 256 2929 Volcatio
268 2889 344 2928 coen.
357 2870 433 2928 lacta
446 2888 510 2929 eree
528 2868 653 2939 ditatur,
665 2868 786 2929 alteram
800 2887 867 2947 qun
883 2868 1026 2929 Cicerone
1043 2872 1163 2931 cainaule

132 2966 230 3040 inerit,
250 2967 393 3027 adremua
405 2966 513 3045 prioris
529 2964 739 3044 coniurationia
755 2965 866 3027 crimen
885 2967 997 3027 Sullam
1011 2966 1164 3029 delemum

132 3082 185 3122 ene
199 3063 238 3123 ab
251 3063 424 3137 Hortmio,
452 3064 505 3143 qui
520 3063 585 3142 ejus
603 3062 816 3143 coniurationia
837 3063 1019 3145 empicionea
1038 3065 1163 3145 propius

132 3157 310 3235 cognoverit,
323 3169 355 3215 et
366 3157 513 3236 particeps
522 3155 713 3217 comitiorum
727 3157 870 3236 Torquati
883 3157 976 3235 patrie
988 3156 1087 3217 luerit.
1096 3156 1161 3219 Sibi

134 3254 213 3331 igitur
232 3254 659 3334 haecneparteeimponitae‚
680 3254 1010 3317 utSullamacriminc
1029 3258 1163 3317 maximae

132 3353 337 3426 umjurationis
348 3371 382 3411 ae
392 3352 513 3411 consule
524 3351 608 3411 lacta
620 3350 778 3426 defendar,
796 3371 861 3431 cap.
876 3360 938 3421 nt.
948 3356 987 3413 Et
997 3352 1079 3431 quod
1086 3356 1164 3415 Tor·

134 3465 231 3525 quatns
243 3450 345 3509 mirari
354 3469 387 3507 ee
395 3448 526 3521 dixerat,
534 3447 616 3527 quod
626 3449 733 3511 Cicero
745 3449 892 3510 Autronio
907 3448 1045 3527 desuerit,
1053 3450 1163 3511 Sullam

133 3545 279 3615 defendat,
290 3544 421 3605 ostendit
431 3546 584 3625 utriusque
592 3565 710 3607 caueam
720 3566 842 3625 prorsus
849 3545 995 3607 diveraam
1008 3567 1082 3621 eme,
1094 3548 1124 3621 ⁵,
1134 3549 1165 3607 6.

133 3643 240 3702 Deinde
253 3643 336 3723 quod
346 3648 514 3720 Torquatus
533 3663 564 3702 se
580 3662 701 3722 regnum
718 3643 869 3703 Ciceronis
884 3644 961 3702 lerre
973 3664 1059 3723 poene
1072 3664 1164 3723 nega-

134 3756 225 3813 verat,
246 3762 374 3819 eumque
389 3741 576 3820 peregrinum
590 3741 805 3819 appellaverat,
822 3741 927 3801 Cicero
949 3760 981 3801 re
999 3762 1054 3801 nec
1068 3762 1166 3819 regem

133 3860 201 3910 ruse,
216 3860 270 3897 nec
285 3839 473 3917 peregrinum
486 3835 591 3910 docet,
605 3856 672 3915 γρ.
687 3837 801 3896 Deinde
814 3837 911 3916 ipsum
921 3842 1105 3918 Torquatum
1119 3860 1168 3899 rc·-

134 3935 302 4010 prehendit‚
323 3933 407 4013 qnod
421 3952 577 4010 suppressa
591 3952 664 3993 voce
676 3947 708 3992 et
722 3932 827 3991 leniter
840 3933 879 3993 de
895 3935 1118 4013 conjuratione,
1130 3935 1169 3994 de

133 4032 270 4109 mpqlicio
281 4037 314 4092 P.
327 4030 446 4091 lamii
466 4049 569 4107 magua
583 4043 614 4089 et
625 4028 811 4107 queribunda
823 4050 897 4090 voce
913 4031 1055 4107 dixissen
1077 4054 1169 4112 qunm

134 4128 203 4188 mill
216 4132 307 4209 magis
320 4130 453 4189 alienum
465 4127 503 4186 sit
512 4126 551 4187 ab
560 4148 612 4203 eu,
625 4128 678 4207 qui
691 4128 816 4189 alterum
826 4130 1173 4211 conjurationieacrmet,

1023 4254 1053 4299 ι.
