2686 4800
373 361 567 433 onaa10
592 363 700 430 rao
727 364 763 431 Ρ.
789 363 963 431 sunna.
1153 359 1196 456 37

179 488 272 556 XVI.
290 482 380 556 Mihi
397 484 612 580 cujusquam
627 482 722 553 salus
735 493 745 525 ¹
765 483 854 556 tanti
869 480 1010 569 fuisset,
1025 496 1066 553 ut
1079 506 1197 556 meam

130 592 378 690 negligerem?
396 617 462 690 per
484 616 543 662 me
559 616 626 689 ego
642 595 828 663 veritatem
848 590 1061 688 patefactam
1079 606 1201 663 conta·

132 705 308 775 minarem
329 702 452 798 aliquo
475 701 687 772 mendacio?
707 725 930 798 quemquam
953 701 1111 799 denique
1133 717 1200 798 ego

129 814 309 908 juvarem,
328 838 442 910 aquo
465 825 501 882 et
518 811 684 882 crudeles
707 811 855 883 insidias
878 813 917 881 in
937 810 1200 909 rempublicam
1228 848 1231 857 ·

133 921 264 1010 factas,
289 926 387 993 etin
417 947 475 994 me
500 924 727 1019 potissimum
756 920 940 991 consulem
968 921 1201 1006 constitutas,

134 1033 321 1128 putarem?
348 1032 457 1120 Quod
489 1034 517 1102 si
545 1031 618 1125 jam
647 1054 759 1101 essem
789 1028 926 1100 oblitus
948 1031 1146 1100 severitatis
1164 1044 1202 1100 et

135 1144 341 1212 constantiae
365 1166 472 1227 meae,
499 1156 620 1211 tamne
649 1163 773 1209 amens
795 1163 912 1227 eram,
937 1152 999 1226 ut,
1024 1163 1138 1234 quum
1161 1138 1201 1209 li-

136 1263 214 1320 terae
236 1253 458 1348 posteritatis
490 1263 776 1345 causa-repertae
807 1251 898 1332 sint,
930 1274 1010 1345 quae
1039 1247 1201 1319 subsidio
1258 1330 1260 1335 η

136 1357 327 1429 oblivioni²
347 1384 422 1431 esse
440 1374 601 1457 possent,
613 1382 680 1455 ego
693 1373 874 1430 recentem
885 1372 1050 1456 putarem
1066 1382 1201 1430 memo·

137 1468 222 1538 riam
249 1471 371 1540 cuncti
399 1483 545 1540 senatus
571 1472 833 1541 commentario
855 1493 938 1539 meo
960 1492 1065 1567 posse
1091 1492 1200 1565 supe·

139 1574 258 1649 rari³i
389 1646 392 1652 ,
967 1635 970 1639 .

178 1692 294 1759 Ferol
312 1713 378 1785 ego
397 1703 454 1775 te,
473 1691 676 1785 Torquate,
688 1687 925 1784 jamdudum,
942 1687 1037 1775 fero,
1052 1701 1089 1759 et
1107 1710 1202 1757 non-

78 1844 81 1851 ·
136 1820 333 1893 numquam
363 1798 546 1885 animum,
570 1799 757 1868 incitatum
779 1796 823 1868 ad
851 1795 1093 1869 ulciscendam
1118 1821 1200 1868 ora·
1251 1877 1253 1880 ¹

137 1905 270 1976 tionem
282 1919 381 1976 tuam
393 1960 402 1990 ‚
416 1929 547 1977 revoco
562 1909 639 2003 ipse
655 1922 693 1978 et
705 1906 863 1979 reflecto.
877 1909 1049 1979 Permitto
1062 1893 1200 2003 aliquid
1253 1988 1256 1993 Ι
1271 1917 1276 1921 “

134 2013 322 2086 iracundiae
340 2029 429 2100 tuae,
448 2014 496 2085 do
520 2014 787 2105 adolescentiae,
810 2013 917 2087 ced0⁵
935 2016 1114 2101 amicitia,
1132 2015 1197 2084 tri·

133 2122 206 2196 buo
237 2126 389 2223 parenti.
417 2124 508 2213 Sed,
535 2128 603 2196 nisi
636 2124 700 2196 tibi
731 2127 889 2222 aliquem
916 2123 1066 2194 modum
1094 2120 1198 2195 tute⁶

132 2234 378 2322 constitueris,
404 2259 511 2331 coges
534 2233 690 2305 oblitum
712 2259 771 2306 me
789 2250 921 2306 nostrae
943 2234 1121 2321 amicitiae,
1138 2232 1200 2304 ha·

130 2341 217 2414 bere
233 2343 411 2414 rationem
431 2368 518 2414 meae
538 2342 729 2440 dignitatis.
745 2349 861 2417 Nemo
876 2369 1050 2441 umquam
1068 2367 1125 2413 me
1143 2356 1197 2414 te·

131 2451 304 2529 nuissima
325 2453 528 2550 suspicione
557 2456 787 2549 perstrinxit,
804 2478 913 2549 quem
938 2478 1013 2524 non
1042 2477 1212 2551 praever·.

130 2565 235 2632 terim
249 2572 275 2632 ⁷.
295 2561 363 2633 Sed
384 2560 473 2631 mihi
493 2560 565 2632 hoc
587 2562 711 2634 credas
729 2564 857 2633 velim:
878 2589 953 2633 non
976 2566 1018 2633 iis
1039 2563 1198 2633 libentis-

129 2672 219 2742 sime
247 2673 347 2743 soleo
373 2671 613 2775 respondere,
643 2699 736 2770 quos
760 2672 850 2752 mibi
879 2672 1004 2744 videor
1031 2670 1198 2743 facillime

129 2805 236 2879 posse
262 2807 443 2880 superare.
467 2786 545 2870 Tu,
570 2787 743 2879 quoniam
772 2785 920 2853 minime
941 2784 1086 2880 ignoras
1109 2805 1196 2852 con-

129 2890 360 2961 suetudinem
387 2890 532 2961 dicendi
559 2914 695 2979 meam,
716 2892 788 2962 noli
814 2891 881 2961 hac
907 2887 1023 2961 nova⁸
1051 2891 1198 2961 lenitate

129 2997 234 3071 abuti
251 3023 350 3088 mea3
369 3001 444 3070 noli
459 2998 604 3071 aculeos
622 3002 793 3096 orationis
807 3025 915 3088 meae,
934 3002 998 3099 qui
1017 2998 1195 3071 reconditi

128 3229 202 3279 quam
211 3213 342 3265 lectionem
353 3214 444 3264 indr'cr'o
458 3229 641 3267 revocaverunt.
685 3218 761 3281 vitoe,
786 3218 948 3282 probantibus
974 3216 1088 3267 omnibus
1110 3227 1198 3283 prater

166 3294 237 3342 m.
252 3310 276 3342 r.
288 3295 371 3343 Salus.
386 3299 407 3344 1.
420 3313 443 3343 e.
459 3295 543 3343 decos.
685 3299 709 3346 J.
725 3297 886 3345 Gronovinm.
895 3299 920 3346 J.
928 3299 961 3344 V.
973 3299 1001 3346 1..

171 3385 195 3419 a.
219 3371 330 3420 Subredio
349 3372 472 3422 oblivioni.
496 3375 558 3434 Qua
579 3373 641 3421 sacta
722 3393 746 3437 7.
762 3377 808 3423 atii
823 3375 898 3425 codd.
913 3376 1196 3441 «praeverterimropen

129 3463 274 3500 revocarent
293 3462 319 3499 et
336 3452 447 3500 natatibus
465 3453 559 3517 integra
574 3467 642 3498 man·
685 3454 797 3518 fregerim
806 3477 827 3501 n.
845 3455 911 3504 Malo
928 3454 1037 3502 Lambin.
1055 3466 1197 3520 ‹merte-

130 3527 226 3578 dama.
685 3549 735 3580 rem
745 3555 767 3583 ι.
780 3535 797 3582 J
801 3571 806 3583 .
814 3535 847 3581 V.
858 3537 928 3581 L.—
940 3535 1017 3597 errm
1030 3551 1079 3582 noa
1091 3551 1196 3598 proearr·

168 3603 192 3654 ³.
206 3606 386 3655 Commentario
404 3609 524 3671 superari.
543 3609 573 3656 Id
590 3619 640 3668 est,
685 3610 761 3658 terim.
777 3612 806 3658 Id
822 3622 872 3669 est,
892 3628 965 3674 quem
982 3628 1033 3659 non
1052 3614 1196 3676 superarint.

130 3688 370 3734 commentariomeo
383 3689 496 3747 majorem
505 3687 640 3735 habendam
685 3692 720 3738 Ut
749 3691 841 3754 optime
867 3690 972 3754 explicat
1000 3693 1096 3739 Ernest.
1118 3708 1194 3755 quana

130 3763 205 3811 lidern
216 3782 289 3828 quam
302 3769 386 3815 cuncti
400 3779 498 3815 renatus
510 3770 640 3816 memoria.
684 3769 753 3816 multi
767 3771 793 3816 in
807 3768 832 3817 h.
849 3769 866 3815 l.
880 3769 994 3817 haercant.
1009 3770 1162 3820 Translatnm
1180 3787 1193 3817 a

167 3853 190 3899 4.
205 3846 344 3894 Fero...te.
352 3848 372 3893 1.
384 3863 405 3895 e.
417 3847 525 3894 convicia
537 3857 585 3895 tua.
684 3849 801 3912 palaestrae
817 3848 1037 3898 exercitationibus.
1059 3849 1100 3895 Sic
1113 3849 1193 3896 intra:

168 3923 641 3989 5.Ernert.suspicaturlegendumessc
685 3938 734 3974 «ut
752 3941 798 3989 ego
819 3937 899 3974 tecum
920 3927 1008 3974 luctari
1029 3937 1053 3975 et
1077 3926 1194 3991 congredi

132 4001 246 4050 concedo.
259 4004 283 4051 J.
291 4003 324 4049 V.
336 4005 364 4050 1.
517 3996 520 4003 ’
686 4004 784 4052 debeam
796 4027 819 4052 ι.

168 4080 193 4127 d.
213 4080 251 4128 Sic
271 4082 371 4131 Gruter.
393 4097 408 4128 c
424 4068 487 4132 lass
510 4099 556 4147 pro
573 4083 640 4147 vulg.
722 4085 747 4130 8.
768 4084 824 4131 Hac
838 4099 902 4132 mro
920 4083 1032 4135 lenitate.
1051 4083 1152 4143 Ciam,
1168 4091 1196 4145 ut
