2670 5250
371 396 562 467 ORATIO
587 394 691 464 PRO
716 396 751 464 P.
778 395 962 466 SULLA.
1153 422 1195 466 nr

125 524 165 597 Si
177 506 257 620 jam
272 520 345 593 hoc
359 517 427 590 tibi
446 514 660 603 concedam,
677 519 721 607 Q.
738 518 990 605 Hortensium,
1006 504 1105 589 tantis
1123 542 1202 617 gra·

124 634 242 704 vitate
263 630 471 715 hominem,
489 626 539 712 si,
558 624 626 696 bns
645 625 734 697 tales
751 628 848 698 viros
863 652 940 698 non
954 651 1023 701 suo
1040 640 1133 701 stare
1147 630 1203 725 ju·

124 741 249 832 dicio,
267 739 329 814 sed
347 764 451 827 meo;
471 741 501 808 si
517 736 590 808 hoc
606 734 673 807 tibi
690 736 793 823 dem,
811 737 913 834 quod
930 737 1028 810 credi
1045 763 1122 810 non
1139 763 1204 837 pu-

123 866 226 941 test,
242 852 313 923 nisi
326 875 393 948 ego
407 850 494 920 huic
507 846 688 935 adessem,
703 845 771 918 lios
784 845 972 919 adfuturos
986 874 1061 921 nnn
1076 846 1202 921 fuisse:

122 976 218 1034 uter
234 958 382 1032 tandem
400 983 464 1031 rex
483 973 555 1044 est3
575 957 670 1046 isne,
689 958 748 1028 cui
764 959 978 1031 innocentes
987 968 1018 1002 ¹⁰
1036 959 1206 1031 homines

123 1098 211 1145 non
231 1072 425 1158 resistunt,
444 1093 489 1139 an
509 1069 559 1153 is,
581 1068 645 1164 qui
663 1067 887 1139 calamitosos
902 1079 929 1113 ¹¹
949 1093 1026 1140 non
1049 1069 1206 1141 deserit?

129 1189 181 1255 At
203 1181 267 1254 hic
283 1182 409 1268 etiam,
430 1177 466 1249 id
486 1175 586 1275 quod
608 1175 675 1247 tibi
698 1201 844 1248 necesse
864 1178 1013 1249 minime
1039 1176 1128 1266 fuit,
1152 1176 1207 1249 fa·

125 1306 237 1366 cetus
255 1314 332 1364 esse
348 1289 513 1375 voluisti,
533 1311 648 1384 quum
664 1288 901 1384 Tarquinium
912 1297 958 1375 ¹²,
978 1303 1014 1360 et
1031 1291 1205 1375 Numam,

127 1418 169 1474 et
180 1427 243 1473 me
259 1403 407 1473 tertium
423 1398 657 1499 peregrinum
668 1394 698 1441 ¹³
714 1422 853 1495 regem,
867 1423 943 1470 esse
958 1397 1089 1469 dixisti.
1099 1400 1206 1469 Mitto

127 1515 208 1610 jam
229 1510 277 1583 de
300 1534 387 1608 rege
407 1532 591 1607 quarere:
612 1506 701 1578 illud
723 1533 865 1605 quaer0,
890 1509 1121 1607 peregrinum
1141 1533 1207 1580 cur

131 1646 195 1694 me
213 1644 292 1694 esse
314 1619 457 1692 dixeris.
479 1623 591 1701 Nam,
610 1618 639 1688 si
656 1618 706 1688 ita
724 1642 822 1706 sum,
843 1634 1006 1690 nontam
1021 1633 1076 1691 est
1094 1617 1207 1690 admi-

132 1730 316 1820 randum,
334 1752 459 1826 regem
475 1752 553 1799 esse
571 1751 649 1815 me,
668 1731 770 1825 quia,
793 1743 836 1800 ut
853 1743 894 1801 tu
912 1731 983 1818 vis,
1009 1732 1115 1801 etiam
1141 1755 1208 1828 pe·

133 1842 273 1940 tegrini
281 1862 385 1938 reges
398 1845 520 1912 Romae
533 1835 699 1926 fuerunt,
715 1864 825 1937 quam
839 1839 1069 1913 consulem¹⁴
1084 1846 1207 1914 Romae

139 1950 250 2025 fuisse
269 1951 515 2050 peregrinum.

188 2062 389 2151 noc-dico,
411 2062 551 2159 inquit,
571 2074 608 2133 te
626 2085 705 2133 esse
723 2085 768 2133 ex
788 2062 999 2159 municipio.
1014 2067 1154 2151 Fateor,
1171 2078 1209 2135 et

143 2171 238 2245 addc
258 2173 390 2261 etiam,
417 2195 462 2242 ex
489 2194 534 2243 eo
562 2170 818 2270 municipio¹⁵,
846 2171 945 2243 unde
976 2173 1109 2243 iterum
1135 2172 1209 2268 jam

144 2282 238 2355 salus
255 2281 342 2353 buic
358 2278 443 2352 urbi
459 2283 685 2379 imperioque
706 2281 814 2352 missa
833 2295 896 2352 cst.
914 2280 984 2353 Sed
1002 2286 1093 2354 scire
1113 2298 1210 2355 exte

146 2393 337 2492 pervelim,
357 2389 620 2489 quamobrem,
643 2392 708 2489 qui
723 2416 768 2463 ex
785 2392 990 2490 municipiis
1001 2388 1031 2435 ¹⁶
1052 2393 1211 2481 veniant,

147 2503 326 2601 peregrini
344 2500 413 2574 tibi
430 2524 508 2573 esse
524 2499 723 2573 videantur.
742 2505 858 2574 Nemo
872 2503 969 2572 enim
986 2503 1079 2572 istuc
1093 2503 1142 2571 M.
1159 2500 1211 2571 illi

182 2704 222 2737 ιο.
234 2687 279 2737 &i
287 2686 438 2737 abnuentes.
447 2688 477 2734 lu
489 2685 654 2734 adversarium
698 2686 785 2736 Cicero
795 2687 951 2750 amplectitur
965 2686 1095 2751 municipii
1110 2688 1149 2735 sui
1161 2689 1210 2734 Ar·

149 2776 281 2832 rumpat,
297 2766 367 2832 quod
376 2766 398 2813 is
409 2765 435 2812 in
447 2782 473 2813 se
486 2766 635 2826 conjecerat.
699 2765 789 2830 pinalis
801 2766 920 2830 egregiam
933 2763 1095 2824 nobilitatem,
1112 2764 1211 2813 undeet

182 2860 221 2894 rr.
234 2845 449 2895 θώωίωωεηοιι
458 2844 553 2892 descn't.
570 2843 598 2892 ld
610 2855 655 2904 est,
700 2844 728 2892 C.
739 2845 832 2892 Marius
845 2843 978 2902 emutuit,
997 2844 1120 2892 bellorum
1131 2843 1211 2891 maxi·

149 2924 279 2973 ‘midicibua
306 2923 462 2989 opitulatum
486 2924 543 2972 illos
565 2933 655 2988 sponte
700 2938 794 2970 morum
812 2921 989 2970 strenuissimus
1005 2922 1130 2979 vict0r‚et
1146 2923 1210 2986 ipse,

150 3000 260 3053 dehdia
333 3014 337 3023 '
700 3003 770 3063 cuins
800 3001 939 3050 consulatus
962 3000 995 3048 ad
1024 2999 1211 3064 opprimendam

184 3078 656 3147 12.raeqainimeertumam.1tumam
700 3079 811 3129 catilina
831 3078 1025 3140 conjurationem
1048 3077 1160 3126 saturans
1179 3079 1212 3125 il-

151 3154 292 3226 Pnpillm
309 3159 442 3217 Sabinum
461 3170 486 3207 et
496 3158 655 3223 Tarquinium
699 3158 796 3206 luxerit.

150 3238 252 3288 Mum
274 3240 406 3288 Etruscum
429 3237 561 3286 Corinthio
587 3248 656 3302 patre
740 3237 780 3284 16.
791 3238 833 3283 Ex
842 3235 982 3301 municipiis
993 3234 1110 3283 veniant.
1125 3234 1213 3283 Cicero

153 3328 239 3367 ntum.
373 3310 376 3315 ’
703 3317 729 3363 in
748 3315 791 3364 lib.
804 3318 828 3362 11
847 3315 877 3362 de
895 3315 1016 3379 Legibus:
1035 3316 1107 3378 «Ego
1120 3314 1215 3362 meher-

185 3397 224 3446 1³.
239 3394 404 3463 Peregn'rrum.
420 3394 450 3444 Id
467 3405 518 3454 est,
541 3396 585 3460 qui
608 3412 659 3445 non
704 3396 775 3457 cnle,
796 3395 893 3459 inquit,
918 3393 1032 3442 omnibus
1050 3392 1215 3458 municipibus

151 3484 185 3523 aa
196 3475 264 3525 etsta.
704 3473 764 3522 duas
773 3490 824 3522 esse
836 3487 923 3520 censeo
933 3472 1037 3537 patrias,
1056 3488 1129 3520 unam
1143 3483 1215 3520 natu-

185 3562 225 3610 ¹4·
239 3551 371 3601 &realem
381 3553 475 3601 noma.
490 3552 579 3601 Nullus
593 3554 658 3602 enim
704 3569 752 3613 re,
770 3553 869 3601 alteram
888 3551 1002 3599 civitatis.
1031 3553 1066 3599 Ut
1093 3550 1134 3600 ille
1152 3552 1214 3601 Cato

151 3627 225 3679 amm
238 3631 326 3680 consul
339 3631 519 3694 luit,quicivis
530 3644 659 3690 ncnesaet,
703 3648 779 3695 quum
792 3643 854 3680 esset
866 3631 966 3681 Tusculi
982 3642 1066 3690 natus,
1087 3632 1113 3678 in
1129 3631 1215 3695 populi

152 3709 228 3758 nullm
236 3710 379 3775 peregrinus
390 3720 442 3770 ειη
460 3725 506 3774 ego
520 3709 594 3772 igitur
607 3711 658 3774 pri·
705 3711 796 3757 romani
808 3712 928 3758 civitatem
938 3721 1065 3774 susceptus
1075 3721 1119 3758 est.
1132 3713 1216 3774 ltaque

152 3805 203 3837 mua
213 3802 238 3839 et
248 3791 315 3839 solus
325 3790 363 3837 lui
376 3787 462 3837 consul
473 3789 623 3852 peregrinus.
704 3804 780 3852 qnnm
794 3800 849 3838 ortu
862 3789 1015 3837 Tusculanus
1028 3801 1100 3848 esset,
1117 3791 1216 3837 civitate

187 3869 226 3916 15.
239 3870 282 3916 Ex
293 3885 322 3917 ec
330 3866 473 3932 municipio.
484 3867 513 3915 ld
527 3878 578 3927 est,
588 3868 660 3932 Arpi·
704 3868 840 3927 Romanus,
853 3868 937 3916 babuit
945 3868 1042 3917 alteram
1049 3868 1099 3916 loci
1106 3869 1217 3932 patriam,

154 3957 214 3996 nate.
222 3973 254 3983 -
265 3947 334 3996 Unde
341 3947 436 3994 iterum.
448 3948 469 3993 Δ
480 3947 509 3996 C.
518 3947 598 3994 Mario
607 3946 659 4011 pri·
707 3946 806 3994 alteram
817 3949 908 4008 juris».
923 3948 1063 4012 Municipes
1071 3949 1171 4012 proprie
1180 3945 1217 3994 di-

155 4040 229 4084 m,
244 4025 332 4076 deinde
350 4025 456 4090 abipso
474 4025 592 4075 cicerone
603 4025 663 4073 libc-
708 4024 826 4074 rebantur
843 4026 884 4092 qui
908 4027 933 4074 in
954 4027 1076 4075 civitatem
1096 4040 1217 4074 romanam

156 4114 203 4154 tata
219 4105 265 4155 tuit
286 4109 377 4157 Roma.
399 4106 488 4170 Magna
507 4120 562 4154 cum
584 4103 661 4170 gloria
707 4105 815 4171 recepti,
829 4122 956 4155 munerum
967 4106 1097 4170 participes
1106 4102 1206 4152 fiebant.
