2670 5250
310 368 516 440 ORATIO
540 368 641 439 PRO
665 371 702 439 P.
728 372 908 442 SULLA.
1101 374 1146 445 25

80 493 244 593 mspicio.
266 491 303 562 Si
320 490 470 588 quaeris,
487 493 552 588 qui
571 490 644 563 sint
657 497 780 564 Romae
796 517 950 592 regnum
966 517 1146 595 occupare

80 605 213 688 oonati,
232 614 338 672 utne
356 597 531 697 replices⁸
551 599 734 671 annalium
753 607 1000 692 memoriam9,
1019 631 1064 678 ex
1078 606 1145 680 do·

79 712 233 785 mesticis
249 707 470 806 imaginibus
489 710 652 782 iuvenies
665 721 706 782 ¹⁰.

120 827 193 895 Res
205 821 308 894 enim
322 834 446 917 gestae,
464 818 589 909 credo,
609 844 698 892 meae
714 846 774 892 me
793 823 900 894 nimis
916 822 1148 917 extulerunt,

79 958 115 1006 ac
131 932 227 1004 mibi
245 931 370 1003 nescio
388 954 481 1027 quos
498 931 682 1028 spiritus¹¹
704 930 916 1003 attulerunt.
939 931 1085 1022 Quibus
1102 932 1150 1006 de

79 1042 183 1116 rebus
209 1057 288 1115 tam
322 1040 444 1128 claris,
470 1054 543 1112 tam
574 1040 860 1130 immortalibus,
886 1040 1046 1137 judices,
1078 1043 1151 1116 boc

78 1178 224 1254 possum
239 1152 379 1241 dicere,
393 1175 470 1241 me,
485 1153 548 1249 qui
563 1175 583 1222 e
600 1155 751 1223 summis
767 1156 963 1251 eripuerim
981 1154 1149 1251 periculis

81 1263 206 1337 mbem
222 1262 323 1334 hanc
337 1275 375 1334 et
389 1261 499 1332 vitam
520 1265 683 1333 omnium
704 1263 852 1348 civium,
871 1264 956 1334 satis
975 1262 1149 1361 adeptum

80 1370 149 1445 lore
165 1384 214 1461 ¹²,
236 1374 269 1444 si
286 1395 331 1443 ex
351 1370 424 1443 hoc
445 1384 547 1441 tanto
567 1374 606 1441 in
631 1396 758 1443 omnes
781 1373 952 1444 mortales
970 1371 1150 1446 beneficio

80 1483 218 1555 nullum
237 1484 279 1553 in
297 1504 357 1553 me
376 1480 579 1579 periculum
598 1479 821 1553 redundarit.
840 1483 1006 1572 Etenim,
1023 1485 1151 1581 inqua
1220 1562 1232 1573 ,

80 1594 215 1665 civitate
232 1616 294 1665 res
313 1605 429 1663 tantas
448 1592 636 1689 gesserim,
655 1592 827 1679 memini3
847 1606 884 1662 et
904 1593 944 1663 in
966 1616 1040 1689 qua
1059 1591 1153 1664 urbe

81 1726 206 1792 verser,
220 1700 398 1799 intelligo.
418 1701 569 1774 Plenum
588 1698 709 1771 forum
725 1715 778 1773 est
794 1726 921 1773 eorum
936 1701 1148 1793 hominum,

81 1836 164 1910 quos
180 1837 254 1910 ego
268 1836 291 1883 a
308 1811 437 1883 vestris
454 1810 655 1883 cervicibus
678 1809 824 1909 depuli,
840 1812 999 1908 judices,
1018 1838 1039 1885 a
1056 1817 1147 1886 meis

82 1946 147 1995 nou
169 1927 328 1995 removi.
354 1923 431 1995 Nisi
458 1946 547 1992 vero
573 1919 750 2020 paucos.¹³
771 1920 879 1994 fuisse
905 1923 1150 2011 arbitramini,

81 2035 135 2130 qui
152 2034 300 2119 conari,
316 2047 379 2104 aut
397 2055 542 2130 sperare
555 2046 723 2130 possent,
746 2056 783 2104 se
797 2046 940 2104 tantum
956 2035 1151 2130 imperium

78 2168 176 2242 posse
202 2143 337 2216 delere.
363 2148 503 2214 Horum
527 2166 595 2240 ego
615 2139 712 2214 faces
736 2143 875 2239 eripere
894 2141 940 2213 de
958 2139 1147 2229 manibus,

76 2270 109 2328 et
130 2253 278 2355 gladios
304 2269 522 2352 extorquere
549 2254 672 2350 potui,
704 2256 797 2324 sicut
819 2250 915 2324 feci:
941 2252 1148 2325 voluntates

73 2388 156 2437 vero
178 2363 507 2467 consceleratastac
526 2361 681 2435 nefarias
699 2387 768 2435 nec
791 2387 914 2434 sanare
932 2364 1056 2461 potui,
1079 2387 1148 2435 nec

71 2474 211 2549 tollere.
236 2476 360 2565 Quare
381 2498 457 2545 nou
475 2496 556 2544 sum
577 2474 737 2560 nescius,
757 2486 896 2571 quanto
912 2471 1075 2570 periculo
1093 2476 1145 2543 vi·

24 2570 29 2585 ⁸
66 2610 149 2657 vam
177 2587 219 2656 in
243 2598 345 2656 tauta
369 2581 602 2655 multitudine
626 2581 897 2681 improborum,
923 2607 1038 2680 quum
1056 2581 1147 2652 mihi

63 2695 131 2767 uni
149 2682 243 2768 cum
266 2692 438 2766 omnibus
457 2691 633 2791 improbis
654 2707 830 2765 aeternum
847 2693 988 2765 videam
1006 2690 1145 2765 bellum

58 2828 143 2877 esse
161 2818 391 2901 susceptum.

109 2917 158 2985 Χ
188 2912 303 3004 Quod
326 2918 356 2985 si
378 2912 447 2984 illis
469 2917 559 2984 meis
581 2912 775 3012 praesidiis¹
798 2911 891 2985 forte
910 2911 1069 3000 invides;
1091 2926 1146 2999 et,

92 3080 123 3128 8.
145 3075 344 3140 Uemnplices.
358 3075 388 3124 Id
398 3085 449 3138 est,
464 3074 585 3123 revolvas.
629 3072 736 3122 Tiberim
752 3074 894 3123 deturbatus
908 3084 951 3121 est.
965 3074 1035 3120 Unus
1049 3081 1100 3119 eret
1114 3086 1146 3119 ex

50 3156 212 3207 Tmshtio
229 3171 261 3204 ex
277 3170 344 3203 moro
361 3166 484 3214 veterum,
502 3154 585 3218 quiin
630 3154 749 3218 Torquati
773 3154 913 3215 maioribus.
933 3152 1062 3201 Neminem
1081 3152 1144 3214 sugit

51 3236 207 3287 &ficibus
217 3234 373 3298 assiliebant,
383 3234 489 3298 illosque
498 3233 584 3280 ordine
628 3234 754 3282 Romanos
765 3250 866 3282 avorum
880 3248 980 3281 suorum
994 3247 1075 3278 cerem
1083 3231 1145 3278 ims-

50 3316 207 3382 dinponitoo
227 3312 361 3362 volvebant
383 3324 424 3361 aut
442 3312 582 3377 plicabant3
629 3314 697 3375 gines
711 3313 778 3361 domi
789 3328 941 3361 conservare.

49 3412 138 3462 φη
151 3409 219 3441 vero
227 3393 307 3457 legere
318 3391 426 3454 vellent,
438 3391 585 3440 evolvebant
667 3406 709 3441 11.
725 3392 836 3456 Spiritus.
855 3391 886 3438 Id
901 3400 949 3453 est,
962 3390 1102 3453 superbiam
1115 3402 1142 3440 et

50 3488 99 3526 m
117 3472 291 3540 replicabunt.
627 3471 851 3520 ouimielationem.

90 3570 123 3617 9.
144 3550 290 3601 Annalium
310 3548 461 3598 memoriam.
479 3548 509 3597 Id
533 3559 583 3612 est,
667 3551 838 3616 12.Adepeum
839 3550 908 3616 stare.
923 3553 978 3599 Hoc
989 3548 1086 3597 dicendi
1100 3565 1143 3613 ge·

49 3634 138 3683 noros
152 3629 306 3680 Annalium.
627 3645 674 3676 nus
684 3630 796 3678 Ciceroni
807 3646 859 3677 non
869 3629 970 3675 omnino
979 3627 1120 3692 infrequens
1131 3646 1139 3689 ς

92 3727 138 3760 ro.
153 3706 349 3757 &domesticis
359 3706 505 3773 imaginibus
516 3707 583 3755 inoe-
629 3719 710 3756 tamen
725 3720 782 3757 sunt
797 3709 841 3772 qui
854 3707 969 3772 adeptum
988 3723 1038 3753 esse
1055 3707 1143 3755 dicen·

10 3790 12 3801 '
53 3793 118 3841 aies.
128 3788 323 3839 Amnulentnm
332 3803 448 3836 scomma.
458 3788 488 3833 In
498 3787 583 3834 adver·
628 3787 687 3836 dum
698 3789 780 3836 velint.

54 3872 115 3920 arii
131 3869 228 3919 famili·
247 3868 337 3933 probat
349 3867 436 3926 sohte,
456 3865 524 3929 quod
535 3865 583 3914 sibi
665 3868 706 3914 13.
720 3866 779 3913 rl'isr'
788 3881 849 3913 vero
860 3880 967 3929 persicos.
987 3866 1036 3912 Res
1048 3875 1141 3914 tantan

57 3951 89 3997 ab
109 3949 255 3998 adversario
273 3947 399 4008 objectum
423 3947 464 3996 sit.
487 3951 581 4012 Nempe
627 3946 710 4011 paucis
720 3943 810 3992 confici
822 3960 873 3992 uon
889 3945 1016 4008 potuisset.

60 4030 102 4078 Ι.
122 4028 250 4087 tumltu,
269 4043 349 4093 quum
373 4025 401 4073 in
420 4027 581 4090 suspicionem
663 4029 696 4074 ll.
710 4027 803 4074 1.ll!er's
808 4025 942 4091 prersidiis.
953 4027 1077 4073 Bonorum
1087 4041 1140 4072 om-

64 4108 133 4170 regni
152 4108 273 4165 venisset,
293 4106 326 4154 de
350 4121 412 4170 rupe
431 4108 531 4171 Tarpeia
556 4107 582 4155 in
627 4106 801 4154 niumstndiis.
