2686 4800
387 374 521 442 novi
547 373 817 444 neironis.
1109 374 1139 468 xj

75 476 200 571 maus,
219 485 325 580 cujus
345 486 551 559 immortale
573 508 708 558 nomen
727 485 828 558 nulla
850 507 1026 654 umquam
1044 484 1139 557 obli-

72 587 128 654 rio
143 583 297 671 delebit,
318 582 595 656 Ambrosianum
610 582 868 656 bibliothecam
883 584 921 653 in
949 583 1028 655 nito
1040 604 1140 655 surn-

73 697 138 780 ptu
158 679 349 768 fundaret,
370 704 524 778 eamque
541 683 757 780 conquisitis
774 680 940 778 undique
960 679 1063 752 libris
1085 680 1138 752 lo·
1256 722 1263 747 r

70 780 287 877 cupietaret,
309 777 355 849 ad
381 776 577 851 Bobienses
600 781 638 850 in
664 781 790 876 primis
814 779 956 850 codices
976 781 1138 850 animum

69 876 242 964 intendit,
265 878 456 973 missisque
475 877 529 947 lar
554 880 585 948 is
602 875 816 948 muneribus
829 878 879 947 ita
895 875 1048 948 feliciter
1062 892 1140 947 rem

70 978 258 1072 transegit,
280 988 340 1062 ut,-
362 902 552 1072 quidquid
564 971 670 1047 bonae
691 972 804 1071 frugis
824 974 862 1044 in
884 996 931 1044 eo
951 985 1141 1070 pervetere

69 1071 172 1168 lyceo
185 1071 338 1159 latebat,
359 1070 404 1143 ad
419 1095 505 1144 suos
514 1064 775 1143 Ambrosianos
791 1070 938 1169 pluteos
950 1073 1138 1144 sevocarit.

113 1173 182 1240 «In
199 1169 255 1241 his
275 1170 385 1267 igitur
407 1193 476 1266 ego
494 1167 701 1257 codicibus,
720 1171 784 1267 qui
803 1167 998 1240 bobienses
1017 1168 1140 1240 inscri-

68 1265 226 1356 buntur,
244 1288 361 1339 unum
375 1265 619 1365 deprehendi,
638 1268 677 1337 in
695 1290 771 1364 quo
789 1264 925 1338 Sedulii
946 1264 1141 1337 Christiani

68 1378 182 1461 poetae
195 1387 307 1464 opera
317 1364 413 1437 edita
423 1367 669 1450 continentur,
739 1386 797 1435 em
809 1384 926 1460 quum
935 1363 1139 1435 acutissima

67 1460 258 1534 oculorum
278 1465 352 1534 acie
371 1461 578 1550 lustrarem,
596 1474 633 1534 et
651 1388 947 1559 sub'posteriore
962 1461 1139 1558 scriptura

67 1560 225 1656 priorem
243 1561 413 1646 rimarem
427 1584 452 1631 o
470 1563 572 1631 Deus
588 1559 820 1646 immortalis,
834 1572 986 1656 repente
1003 1558 1140 1629 clarno-

65 1680 142 1726 rem
164 1657 311 1745 sustuli,
331 1655 421 1754 quid
438 1655 587 1728 demum
610 1653 733 1727 video!
758 1659 814 1725 En
837 1657 1073 1742 Ciceronem,
1092 1674 1138 1727 en

66 1753 189 1824 himen
210 1772 370 1825 romanae
391 1752 569 1826 secundia
595 1753 852 1851 indignissimis
880 1752 1041 1824 tenebris
1069 1754 1138 1824 cir·

66 1850 314 1949 cumseptnml
334 1856 502 1949 Agnosco
513 1851 558 1923 de
606 1850 719 1923 rditas
731 1849 839 1922 Tullii
849 1851 1052 1938 orationes,
1065 1872 1140 1922 sen·

66 1951 114 2020 tio
126 1949 208 2044 ejus
226 1949 471 2046 eloquentiam
492 1974 537 2020 ex
584 1951 615 2021 is
634 1944 780 2022 latebris
798 1946 919 2019 divina
933 1948 1090 2044 quadarn
1104 1951 1139 2019 ri

65 2046 194 2132 liuere,
226 2045 473 2119 abundantem
498 2046 714 2121 sonantibus
742 2043 863 2116 verbis
889 2043 1139 2141 uberibusque

65 2146 262 2215 sententiis.
286 2144 394 2215 Tituli
411 2168 564 2241 quoque
586 2159 739 2242 operum
763 2144 802 2212 in
820 2143 982 2238 margine
1005 2140 1139 2213 codicis

66 2265 139 2312 sese
159 2240 347 2338 paullatim
366 2254 601 2339 aperuerunt.
614 2245 734 2338 Atque
750 2239 810 2311 hic
828 2260 898 2408 qgo
914 2239 1061 2336 quantis
1079 2236 1138 2309 lae·

66 2339 149 2410 titiis
167 2339 438 2437 incessi,quum
484 2352 579 2411 artes
594 2339 760 2437 ingentes
778 2340 837 2409 ine
865 2339 932 2408 itas
948 2337 1060 2407 trium
1076 2337 1137 2408 ci-

65 2437 205 2507 ceronis
223 2439 431 2509 orationum
452 2361 697 2535 deprehendi,
738 2458 781 2506 ro
794 2438 931 2505 Scauro
945 2434 1137 2521 nimiunn,

65 2555 131 2700 pro
144 2531 282 2621 Tullio,
299 2549 335 2606 et
353 2558 423 2633 pro
438 2530 587 2605 Flacco?
601 2458 811 2606 Grandibus
830 2544 866 2603 ct
883 2531 1137 2628 pulcherrimis

76 2633 174 2702 'teris
199 2655 241 2701 ea
267 2644 408 2703 constat
426 2633 624 2729 scriptura,
655 2645 691 2703 et
714 2631 752 2701 in
772 2633 839 2700 tria
859 2627 1029 2700 latercula
1049 2648 1138 2707 una·

64 2751 220 2826 quaque
237 2727 376 2827 pagella
394 2727 641 2826 distinguitur.
658 2732 752 2799 Tum
775 2728 893 2798 oratio
911 2748 980 2823 pro
1001 2729 1137 2798 Scauro

63 2825 335 2923 elegantissimis
349 2825 493 2897 scholiis
506 2823 1137 2925 stipatur,quorumnlialiterisqnu·
1188 2854 1193 2861 ⁸

63 2923 175 2994 dratis
195 2925 462 3011 vetustissimis,
482 2926 549 2995 etsi
570 2921 848 3008 minutioribus,
872 2932 1013 2991 exarata
1036 2932 1134 3009 sunt,

62 3020 129 3091 alia
155 3020 363 3092 rudioribus
387 3021 554 3118 quidem,
578 3019 641 3093 sed
665 3017 792 3091 eadem
820 3032 941 3089 tamen
964 3019 1133 3116 antiqua,

60 3132 171 3215 atque
184 3117 232 3190 ab
246 3117 394 3207 eodem,
410 3132 452 3189 ut
468 3119 575 3217 plane
594 3119 750 3205 videtur,
769 3130 916 3188 auctore
934 3113 1106 3213 prolecta.

108 3220 179 3286 «Et
198 3215 315 3288 codex
335 3214 484 3314 quidem
506 3217 545 3286 in
564 3217 733 3314 prasenti
756 3228 810 3285 est
831 3210 957 3283 formae
976 3236 1058 3309 qum
1076 3213 1130 3285 di·

59 3315 158 3384 citur
171 3314 283 3402 in·ll⁰,
299 3316 385 3410 quia
403 3313 602 3385 monachus
613 3311 750 3385 Sedulii
767 3312 923 3409 scriptor
939 3307 1025 3381 lolia
1040 3334 1135 3383 corn·

58 3410 206 3509 plicuit:
228 3408 363 3508 quibus
392 3412 523 3483 iterum
550 3410 749 3509 explicitis,
777 3408 822 3479 ad
848 3407 1034 3505 antiquam
1061 3406 1133 3480 l'or·

60 3531 156 3579 mam
176 3512 278 3595 ἐπι-4ο
291 3505 383 3581 liber
401 3508 506 3580 redit.
526 3513 606 3580 Jam
627 3533 672 3580 ex
694 3507 753 3577 his
771 3504 866 3577 foliis
889 3507 938 3577 ita
956 3504 1132 3578 restitutis

58 3630 125 3677 sex
144 3604 282 3677 habent
306 3621 446 3704 partem
473 3607 646 3678 orationis
670 3609 896 3703 proscauro
922 3626 1007 3674 cum
1029 3601 1132 3675 sebo-

60 3702 136 3791 liis,
155 3705 223 3776 tria
244 3717 280 3775 et
304 3702 494 3775 dimidium
515 3728 583 3801 pro
602 3703 735 3788 Tullio,
754 3727 869 3773 unum
896 3725 963 3798 pro
992 3701 1130 3774 Flacco.

59 3806 184 3872 Unum
213 3807 320 3872 etiam
350 3801 562 3900 particulam
587 3801 735 3872 exitibet
760 3802 934 3871 orationis
956 3797 1130 3871 Tullianae

86 3925 131 3970 ro
147 3900 284 3982 Coelio,
302 3924 383 3998 quae
406 3922 521 3997 quum
542 3912 618 3970 tota·
637 3901 683 3970 sit
699 3899 813 3983 edita,
837 3897 927 3967 nihil
949 3895 1054 3968 nobis
1076 3924 1128 3969 re-

59 3925 203 4094 liquum
222 3996 308 4083 luit,
331 3999 398 4068 nisi
423 4012 462 4068 ut
488 4000 600 4069 varias
628 3998 766 4094 aliquot
793 3995 966 4066 lectiones
991 4021 1036 4064 ex
1055 4010 1126 4066 tam

60 4097 211 4192 antiqua
242 4095 450 4166 membrana
478 4094 733 4193 proferremus.
767 4099 843 4164 lam
875 4119 951 4190 quo
981 4087 1128 4167 definite
