2670 5250
357 390 558 461 ORATIO
582 392 689 462 PRO
714 392 751 459 P.
778 390 964 459 SULLA.
1156 387 1197 461 ¹5

134 553 181 601 me
195 523 374 600 ambitio⁵
392 542 430 599 et
446 523 601 599 forensis
622 525 751 599 lab0r⁶
775 524 822 598 ab
839 527 942 596 omui
960 525 1041 597 illa⁷
1061 529 1196 624 cogita·

132 642 221 712 tione
237 635 484 710 abstrahebat.
510 638 603 728 Quis
627 661 716 737 ergo
738 638 912 708 intererat
929 636 1058 706 vestris
1077 639 1197 707 consi·

130 749 197 823 liis?
218 755 358 822 Omnes
374 748 435 838 hi,
454 773 549 847 quos
566 746 670 820 vides
687 747 774 819 huic
793 745 938 836 adesse,
958 759 996 817 et
1015 746 1200 844 inprimis

81 890 83 972 p
128 864 165 953 Q.
183 859 427 932 Hortensius:
447 861 512 957 qui
530 883 647 958 quum
666 872 818 957 propter
833 856 1013 929 honorem
1029 880 1071 929 ac
1085 854 1201 954 digni-

81 978 83 987 “
127 987 254 1060 tatem,
272 985 385 1069 atque
400 974 563 1042 animum
577 970 751 1042 eximium
768 969 807 1040 in
820 965 1101 1067 rempublicam,
1121 980 1201 1038 tum
1292 1039 1297 1045 ,

126 1096 275 1183 propter
296 1102 478 1153 summam
500 1079 796 1169 familiaritatem,
818 1102 1078 1177 summumque
1101 1097 1202 1150 amu·

125 1219 194 1266 rem
215 1197 256 1264 in
277 1208 420 1292 patrem
438 1207 566 1281 tuum,
584 1207 664 1265 tum
684 1188 961 1278 communibus,
979 1206 1058 1261 tum
1078 1193 1203 1288 praeci·

125 1308 202 1402 puis
222 1307 340 1403 patris
364 1305 420 1375 tui
445 1303 616 1401 periculis
640 1299 950 1374 commovebatur.
981 1303 1078 1398 Ergo
1100 1301 1202 1371 istius

125 1414 386 1510 conjurationis
401 1415 541 1486 crimen
560 1406 778 1485 defensum³
797 1411 844 1484 ab
863 1435 907 1483 eo
923 1425 997 1499 est,
1013 1413 1078 1507 qui
1095 1412 1203 1481 inter

125 1521 208 1611 fuit,
221 1525 291 1621 qui
304 1526 496 1622 cognovit,
512 1526 578 1622 qui
594 1524 776 1622 particeps
790 1536 827 1594 et
840 1522 982 1594 consilii
994 1522 1103 1615 vestri
1115 1519 1203 1608 fuit,

125 1649 159 1705 ct
175 1635 330 1706 timoris.
342 1621 466 1730 'Cujus
485 1636 524 1706 in
544 1633 616 1705 hoc
638 1635 789 1705 crimine
814 1632 1066 1732 propulsando
1086 1655 1203 1730 quum

124 1759 216 1817 assat
241 1741 494 1844 copiosissima
524 1759 636 1842 atque
665 1744 892 1815 ornatissima
917 1745 1053 1830 oratio,
1081 1755 1203 1814 tamen

125 1880 200 1926 non
221 1859 346 1929 minus
364 1861 481 1929 inerat
500 1857 725 1927 auctoritatis
743 1856 780 1925 in
798 1876 861 1943 ca,
881 1878 994 1953 quam
1012 1851 1202 1926 facultatis.

125 1966 223 2039 lllius
239 1968 354 2065 igitur
373 1968 658 2064 conjurationis,
681 1989 763 2064 quae
785 1963 878 2037 facta
896 1958 1022 2037 contra
1040 1985 1123 2052 vos,
1146 1961 1206 2035 de·

126 2078 193 2150 lata
221 2079 270 2151 ad
291 2103 377 2167 vos,
403 2077 550 2151 avobis
570 2077 714 2179 prolata
737 2094 814 2149 esse
838 2074 984 2161 dicitur,
1010 2099 1078 2170 ego
1106 2075 1205 2146 testis

126 2213 203 2263 esse
220 2214 300 2262 non
319 2191 437 2289 potui.
459 2193 545 2263 Non
571 2189 681 2262 modo
700 2189 801 2262 enim
828 2186 919 2258 nihil
940 2182 1119 2284 comperi,
1141 2182 1205 2255 sed

128 2301 182 2372 rix
208 2299 258 2372 ad
283 2320 390 2374 aures
412 2320 511 2374 meas
538 2302 641 2374 istius
665 2299 882 2399 suspicionis
910 2294 1004 2368 fama
1027 2294 1204 2395 pervenit.

128 2413 197 2502 Qui
214 2409 410 2484 vobiscum
428 2413 467 2484 in
486 2411 641 2484 consilio
665 2409 837 2498 fuerunt,
859 2409 924 2506 qui
940 2404 1131 2478 vobiscum
1146 2403 1207 2477 illa

128 2532 354 2620 cognorunt,
371 2522 508 2621 quibus
529 2522 617 2622 ipsis
640 2519 843 2621 periculum
866 2532 947 2589 tum
968 2514 1119 2590 conflari
1137 2538 1208 2612 pu·

127 2631 294 2720 labetur,
317 2634 384 2730 qui
408 2635 591 2705 Autronio
613 2654 691 2703 non
718 2627 936 2717 adfuerunt,
958 2628 1080 2726 quiin
1102 2625 1207 2695 illurn

129 2743 335 2814 testimonia
359 2744 479 2841 gravia
508 2741 700 2830 dixerunt,
727 2741 828 2812 hunc
855 2737 1097 2824 defenduut,
1120 2735 1207 2807 huic
1316 2732 1319 2737 ’

128 2851 281 2942 adsunt,
300 2855 339 2924 in
352 2853 463 2949 hujus
475 2854 640 2954 periculo
654 2852 857 2939 declarant,
872 2873 1000 2922 senon
1016 2850 1207 2920 crimine¹⁰

129 2963 409 3056 oonjurationis,
427 2988 474 3036 ua
491 2964 661 3037 adessent
678 2961 907 3050 ceteris‚'sed
923 2962 1116 3032 hominum
1130 2981 1209 3028 ma·

130 3072 271 3162 leticia,
292 3072 486 3147 deterritos
513 3097 604 3148 esse.
634 3075 707 3147 Mei
734 3073 945 3146 consulatus
964 3085 1085 3142 antem
1115 3083 1206 3139 tem-

131 3253 303 3314 amum,
321 3270 394 3320 φισιπ
403 3254 647 3321 bisuniopostproe·
691 3257 755 3319 Sin,
784 3255 970 3321 intelligendum
993 3255 1046 3303 «sb
1074 3252 1141 3300 omni
1165 3251 1207 3299 illu

131 3345 209 3381 tuam
220 3350 246 3381 ss
259 3333 322 3382 dicit
332 3333 449 3399 sdsptum
462 3334 490 3382 iu
499 3335 611 3384 crstions
620 3335 648 3383 in
691 3337 841 3400 cogitatione
854 3337 956 3385 illorum
970 3347 1108 3399 temporum
1121 3343 1145 3380 et
1155 3347 1206 3380 srr-

130 3412 232 3460 Rsslhm
242 3411 277 3460 ad
288 3413 406 3476 Quirites.
691 3432 826 3475 mouums,
838 3416 906 3481 quod
920 3415 1001 3463 minus
1012 3413 1101 3478 placet.

165 3489 194 3541 ⁵.
219 3493 279 3540 Mea
301 3491 407 3540 ansbsbo.
427 3492 503 3557 Apud
523 3494 649 3541 Romanos
729 3499 753 3545 8.
768 3496 863 3545 Ouarsa
875 3493 1010 3560 defensum.
1021 3494 1121 3542 Crimen
1134 3492 1208 3539 hoca

130 3570 255 3618 bmorusss
283 3571 370 3634 petitio
396 3572 478 3620 missus
507 3572 650 3621 ambitionis
694 3577 759 3625 Sulis
779 3578 883 3624 removit
902 3574 1049 3632 Hortensius
1070 3573 1113 3637 qui
1138 3572 1212 3618 iuter-

130 3664 203 3714 φη
217 3651 309 3699 etaim
327 3650 514 3701 existimationis
531 3651 650 3717 cupidum
696 3656 755 3718 luit,
770 3666 818 3704 stc.

128 3731 273 3794 arguebant.
285 3733 399 3780 llonnrss
410 3741 651 3796 amministrum
730 3753 757 3798 9.
775 3737 844 3783 Hanc
862 3733 1010 3800 defenduat,
1034 3731 1090 3779 duic
1108 3730 1208 3778 adsunt.

130 3825 225 3858 sssroes
244 3822 314 3860 erant
333 3826 389 3876 qun
405 3811 444 3859 vir
461 3811 542 3860 bonus
563 3824 651 3877 optsrs
695 3814 795 3863 Scilicet
807 3815 906 3863 Sullam.

81 3918 84 3969 p
131 3889 245 3939 &hehst-
734 3909 773 3945 ιο.
784 3894 896 3944 Crimine.
908 3893 937 3940 ld
950 3890 1209 3952 est‚accusatione.-

81 3982 83 3996 '
166 3971 194 4018 ⁶·
209 3969 319 4016 ῙθΜῑδὺ
331 3968 412 4020 1⁰⁶0!-
429 3970 509 4033 Quom
522 3970 548 4017 5¹²
566 3970 649 4017 *mich
683 3972 801 4035 'Cetaria
814 3977 857 4038 qui
870 3972 1047 4034 conjurationis
1060 3968 1211 4017 criminein·

135 4047 294 4097 defendendis
304 4049 462 4115 suscipiebat.
695 4056 801 4103 simulati
811 4064 879 4104 sunt.
893 4078 927 4090 -
941 4050 1080 4099 Hominum.
1091 4048 1212 4108 Conjurs·

170 4145 194 4189 ς.
217 4128 291 4177 Omni
306 4129 360 4180 illa.
383 4129 465 4194 ΜΨ
485 4129 574 4179 srridst
589 4129 648 4178 alia.
695 4146 783 4183 torum.
