2670 5250
313 391 508 461 onarro
532 394 636 461 rao
660 395 699 461 r.
726 392 900 461 sunus.
1092 391 1139 486 a,

79 524 143 598 est,
170 510 291 582 dicere
314 513 352 582 in
373 538 484 610 quem
503 514 607 601 velis,
628 537 669 584 ac
689 511 883 584 defendere
903 537 1011 609 quem
1037 514 1135 585 velis.

77 624 189 690 Immo
208 625 364 693 servitus
383 637 455 710 est,
477 649 551 694 non
570 622 691 694 dicere
709 623 746 692 in
765 647 874 719 quem
894 623 1001 709 velis,
1021 647 1062 694 ac
1079 622 1139 695 de·

71 725 243 802 fendere⁸
272 755 384 829 quem
418 734 517 804 velis.
549 738 620 821 Ae,
647 734 676 803 si
705 732 932 804 considerare
964 735 1139 831 coeperis,

72 853 193 909 utrum
215 843 328 938 magis
345 842 435 912 mibi
452 842 524 913 boc
542 849 688 914 necesse
707 840 816 914 fuerit
834 841 969 928 facere,
982 867 1028 913 an
1043 842 1140 915 istud

67 946 162 1019 tibi:
185 949 383 1049 intelliges,
402 952 591 1024 honestius
613 966 648 1022 te
674 953 939 1023 inimicitiarum
962 952 1140 1023 modom⁹

64 1073 237 1133 statuere·
258 1063 443 1159 potuisse,
475 1082 585 1159 quam
614 1085 673 1132 me
705 1061 947 1132 humanitatis.
981 1067 1026 1132 At
1055 1084 1140 1132 vero

62 1194 187 1265 quum
211 1170 331 1242 bonos
347 1171 521 1267 agebatur
536 1170 776 1268 amplissimus
786 1181 817 1215 ¹⁰
838 1169 979 1240 familiae
994 1183 1139 1257 vestrae,

61 1277 140 1348 boc
167 1295 243 1367 est,
269 1281 477 1352 consulatus
502 1282 661 1378 parentis
687 1281 763 1368 tui,
789 1281 1069 1378 sapientissimus
1087 1282 1142 1351 vir

59 1386 355 1461 familiarissimis
375 1392 449 1461 suis
471 1414 546 1460 non
564 1392 770 1462 succensuit
787 1407 891 1490 pater
904 1405 1006 1477 tuus,
1025 1414 1139 1488 quum

56 1496 207 1567 Sullam
235 1512 272 1568 et
305 1497 561 1586 defenderent,
593 1513 630 1571 et
659 1499 857 1572 laudarent.
890 1498 1140 1598 Intelligebat,

58 1607 169 1678 hane
186 1607 293 1680 nobis
309 1632 329 1680 a
348 1608 547 1704 majoribus
565 1632 641 1682 esse
658 1610 824 1682 traditam
843 1610 1086 1708 disciplinam,
1101 1624 1142 1680 ut

56 1717 208 1789 nullius
229 1721 385 1794 amicitia
411 1719 456 1791 ad
484 1719 729 1818 propulsanda
755 1721 958 1819 pericula¹¹
988 1719 1141 1818 impedi·

55 1850 207 1896 remm.

114 1940 168 2005 Et
183 1949 260 2006 erat
280 1936 366 2009 huic
383 1936 521 2032 judicio
543 1937 650 2034 longe
667 1938 847 2010 dissimilis
864 1938 925 2010 illa
940 1940 1138 2010 contentio.

58 2048 187 2130 Tum,
202 2042 338 2115 afflicto
349 2055 383 2090 ¹²
401 2050 438 2117 P.
452 2046 565 2133 Sulla,
583 2048 793 2118 consulatus
806 2046 908 2119 vobis
922 2046 1140 2145 pariebatur,

60 2156 180 2225 sicuti
202 2169 329 2252 partus
348 2169 420 2243 θεῖς
443 2156 593 2227 honoris
616 2171 691 2228 erat
710 2172 911 2243 certamem
933 2154 1141 2254 ereptum¹³

63 2277 239 2363 repetere
258 2289 323 2335 vos
342 2265 594 2352 clamitabatis,
615 2281 656 2336 ut
667 2268 751 2338 victi
764 2269 800 2336 in
814 2290 943 2364 campo
954 2265 997 2351 ¹⁴,
1011 2269 1048 2336 in
1061 2264 1142 2336 foro

63 2376 275 2446 vinceretis.
301 2380 395 2446 Tum
418 2379 480 2473 qui
505 2393 632 2447 contra
653 2402 717 2447 vos
736 2401 804 2474 pro
824 2376 932 2472 hujus
948 2377 1062 2448 salute
1076 2401 1142 2475 pu·

67 2480 250 2575 gnabant,
265 2484 471 2554 amicissimi
486 2487 614 2572 vestri,
632 2484 766 2582 quibus
784 2510 859 2556 non
874 2485 1141 2571 irascebamini,

66 2591 302 2662 consulatum
324 2591 429 2663 vobis
450 2593 653 2692 eripiebant
669 2591 711 2683 ¹⁵,
740 2594 871 2666 honori
893 2610 1012 2665 vestro
1035 2619 1143 2692 repu-

66 2699 254 2798 gnabant,
275 2719 312 2772 et
336 2718 454 2776 tamen
478 2705 515 2774 id
538 2705 707 2775 inviolata
730 2720 846 2777 vestra
865 2701 1074 2790 amicitiam,
1089 2705 1141 2773 in·

67 2827 177 2908 tegro
194 2811 340 2901 officio,
360 2819 472 2886 veteri
492 2814 677 2911 exemplo,
699 2827 808 2910 atque
831 2815 996 2884 instituto
1013 2815 1140 2911 optimi
1161 2814 1164 2819 ’

69 2924 253 3020 cujusque
274 2922 461 2996 faciebant
486 2929 671 3022 Egovero
691 2922 826 3018 quibus
840 2923 1061 2992 ornamentis
1076 2921 1139 2992 ad·

69 3055 199 3102 versor
222 3035 317 3104 tuis?
341 3048 404 3104 aut
427 3035 486 3105 cui
512 3035 675 3131 dignitati
698 3047 824 3104 vestrae
843 3032 1029 3130 repugno?
1044 3031 1140 3121 Quid

71 3155 144 3227 est,
169 3142 271 3238 quod
290 3143 364 3237 jam
388 3143 433 3215 ab
452 3144 523 3214 hoc
536 3155 564 3200 ¹⁷
589 3145 754 3242 expetas?
775 3149 902 3213 Honor
923 3142 967 3212 ad
987 3156 1143 3238 patrem,

107 3317 434 3386 8.Acdeseadere.Vulgo.
447 3323 588 3371 sedsensua
670 3324 709 3372 1³.
737 3325 863 3387 Ereptum.
887 3322 1046 3371 Consulatum
1068 3278 1158 3371 sulla.

72 3399 153 3463 poscit
168 3415 213 3446 nec
231 3399 368 3464 defendere.
388 3404 428 3449 Sic
442 3402 552 3451 lambiat.
563 3413 588 3450 et
629 3402 806 3465 largitionibus.

73 3479 154 3526 (ἴαν.
170 3495 184 3525 e
198 3475 257 3526 cod.
274 3483 360 3526 Franc.
669 3488 709 3536 tt.
727 3483 758 3527 Ira
772 3497 870 3542 compo.
886 3479 995 3537 Martio,
1009 3479 1140 3544 suffragio·

10 3579 12 3585 ·
108 3571 133 3618 9.
150 3557 262 3604 Modum.
278 3557 370 3605 Finem.
631 3576 682 3608 nam
696 3559 860 3607 multitudine.

110 3651 150 3682 ro.
163 3635 330 3698 erumlronos
342 3634 585 3700 agebaturamplissi·
668 3640 707 3686 15.
728 3639 886 3686 Consulatum
905 3637 976 3684 vote
999 3638 1141 3701 eripiebant.

74 3731 133 3761 aas.
148 3715 234 3775 Quum
248 3725 276 3761 tu
293 3724 317 3760 et
338 3723 406 3776 pater
425 3723 480 3761 tuos
495 3715 585 3762 Sullam
630 3716 659 3764 ld
682 3728 731 3775 est,
750 3716 901 3763 conabantur
927 3715 1029 3777 probare
1051 3716 1141 3763 Sullam

75 3792 103 3838 de
115 3791 213 3839 ambitu
232 3791 424 3847 immolabatis,
438 3805 466 3840 ut
478 3793 515 3839 illi
528 3810 587 3841 con·
631 3797 754 3843 consulem
765 3796 819 3855 jure
831 3795 921 3841 fictum
933 3809 993 3840 esse.

75 3872 178 3918 solatum
189 3871 323 3933 eriperetia.
671 3877 710 3921 16.
726 3873 848 3919 Invt'olata
859 3884 942 3919 vestra
951 3872 1067 3920 amicitia.
1081 3874 1143 3920 vnt-

111 3949 211 3998 11.Ad
222 3949 396 4013 propulsanda
411 3950 532 4013 periculo.
546 3951 587 3998 Ad
631 3970 686 4016 gare
700 3968 794 4015 semper
807 3952 853 3999 fuit
866 3952 977 3999 amicitia
991 3968 1096 4010 nomen,
1116 3963 1141 3998 et

78 4045 128 4076 reos
141 4029 317 4076 defendendos.
633 4049 684 4079 rara
700 4032 770 4078 fides.

115 4124 154 4156 ta.
169 4106 278 4173 Afflicto.
294 4110 317 4156 1.
328 4126 352 4157 e.
363 4108 488 4156 damnato.
673 4127 711 4170 ¹7·
723 4112 783 4156 Hoc.
796 4110 845 4157 Alii
855 4144 863 4166 ,
872 4126 910 4156 eo.
