2686 4800
358 303 361 308 “
440 328 822 401 Auuunuuuuu.
1144 330 1166 403 s

170 455 207 510 Et
222 448 361 528 quoniam
375 453 541 527 Torquatus
554 450 727 529 quaestiones
743 471 778 510 nc
789 464 934 512 tormenta
948 470 1100 512 servorum
1115 455 1167 512 mi-

133 561 216 607 natus
231 560 313 618 erut,
327 546 431 605 Cicero
442 566 474 605 se
488 547 606 625 quidem
622 548 653 605 in
667 548 702 606 iis
715 547 788 606 nibil
801 548 924 626 periculi
935 550 1091 629 suspicari,
1107 562 1168 610 tor-

133 657 229 707 menta
243 656 339 702 tumen
359 643 531 720 plerumque
548 643 663 707 veritati
678 644 735 702 loci
753 644 826 710 nihil
845 645 1024 723 relinquere,
1038 660 1068 705 et
1083 667 1167 726 quae-

132 743 254 822 stiouem
277 742 377 821 potius
397 739 435 798 de
447 741 508 799 vita
519 741 625 814 Sullae,
639 761 727 819 quum
740 742 932 820 quaestionem
955 742 992 802 de
1008 744 1099 803 servis
1112 766 1166 823 per

133 852 275 898 tonnenta
295 837 460 898 habendum
486 856 548 897 esse
568 838 714 911 ostendit,
744 840 793 898 28.
822 845 959 921 Magnum
982 862 1055 915 veto
1078 844 1167 902 Sullae

131 936 297 1015 praesldium
309 956 371 995 esse
384 935 494 996 debere
504 936 535 999 in
545 935 677 1002 vitorum
690 936 888 998 consularium
901 939 1123 1006 auctoritatibus
1137 955 1167 1000 et

131 1054 185 1093 suo
201 1034 293 1111 ipsius
306 1033 489 1106 testimonio,
506 1052 563 1111 29,
578 1034 626 1092 30.

168 1135 319 1189 Postremo
336 1144 458 1190 testatur
477 1130 548 1190 deos
569 1151 600 1190 se
622 1130 736 1211 integro
755 1130 853 1194 animo
867 1151 901 1190 ac
921 1130 1017 1191 libero
1032 1138 1064 1199 Ρ.
1077 1134 1165 1193 Sullae

130 1247 244 1286 causam
268 1226 440 1302 defendere,
465 1227 524 1299 31;
545 1247 671 1308 eumque
680 1228 815 1308 judicum
829 1228 1046 1290 mansuetudini
1059 1243 1089 1289 et
1107 1230 1165 1289 hu-

130 1326 260 1385 manitati
276 1325 462 1385 commendat
468 1369 477 1399 ‚
499 1325 546 1384 32.

167 1423 343 1483 Absolutum
356 1444 417 1484 esse
428 1430 461 1484 P.
472 1425 583 1484 Sullam
594 1437 707 1485 constat
717 1448 726 1499 ;
750 1443 828 1491 anno
839 1425 899 1505 699
914 1424 991 1488 enim
1005 1423 1164 1494 Gabinium

130 1519 165 1579 de
178 1520 290 1584 ambitu
301 1523 460 1595 accusavit.
472 1525 549 1603 Epp,
559 1522 597 1592 ud
610 1527 647 1598 Q.
657 1527 750 1592 Fratr.
767 1527 828 1594 111,
843 1524 881 1587 3..
