2670 5250
222 825 268 920 xij
385 824 661 911 PRAEFATIO
691 821 824 894 NOVI
852 822 1123 894 EDITORIS.

167 955 169 959 ’
223 937 353 1011 saeculo
381 939 498 1036 prima
526 939 712 1008 Ciceronis
744 938 924 1033 scriptura
954 926 992 1005 iu
1026 934 1153 1008 codice
1185 940 1295 1010 luerit

223 1049 384 1122 exarata,
401 1037 484 1133 quis
497 1032 649 1106 indubia
664 1033 870 1129 conjectura
885 1034 1125 1130 pronuntiet?
1143 1039 1228 1133 Ipsa
1241 1062 1293 1108 re·

223 1137 365 1207 oentior
386 1131 521 1205 Sedulii
542 1133 722 1230 scriptura
744 1132 871 1201 miram
895 1153 933 1201 sa
961 1132 990 1201 it
1016 1133 1291 1229 antiquitatem:

222 1245 260 1303 et
284 1248 407 1303 tamen
428 1232 524 1300 inter
551 1253 589 1305 se
608 1243 786 1326 quantum
805 1227 860 1298 bae
877 1225 911 1298 d‘
944 1226 1072 1300 erunt!
1095 1234 1206 1302 Certe
1235 1233 1294 1304 hic

222 1328 359 1402 Sedulii
377 1326 491 1399 codex
509 1341 593 1398 ante
612 1326 783 1397 saeculum
797 1323 980 1396 decimum
995 1326 1034 1396 iu
1051 1327 1293 1401 Bobieusibus

223 1427 355 1526 pluteis
381 1427 558 1497 exstitisse
585 1422 739 1495 videtur.
764 1424 931 1519 Namque
958 1425 995 1493 in
1018 1422 1082 1494 illo
1104 1426 1293 1525 catalogo,

223 1547 333 1620 quem
348 1548 391 1594 su
419 1525 516 1594 erius
535 1521 691 1615 diximus
704 1544 725 1591 a
740 1521 942 1592 Muratorio
959 1518 1116 1609 editum,
1134 1538 1293 1620 quatuor

222 1620 356 1693 Sedulii
372 1548 485 1692 libros
501 1618 624 1692 videre
639 1633 703 1690 est.
719 1620 832 1714 Atqui
845 1617 922 1704 bic,
936 1615 982 1688 de
998 1642 1072 1713 quo
1091 1618 1292 1717 loquimur,

220 1717 277 1791 bis
296 1719 450 1816 scriptus
472 1715 588 1790 codex
607 1730 766 1814 quatuor
787 1713 923 1786 scilicet
941 1716 1010 1786 etsi
1036 1717 1186 1788 mutilos
1209 1743 1293 1790 con·

223 1818 315 1889 tinet
336 1814 472 1887 Sedulii
497 1814 621 1885 libros.
647 1818 744 1909 Ergo
766 1809 866 1883 bunc
887 1811 1049 1884 codicem
1072 1814 1147 1909 jam
1168 1815 1293 1887 iudea

220 1915 461 1985 vetustissima
485 1927 586 1983 aetate
610 1909 806 1982 Bobieuses
834 1909 1003 1981 monachi
1029 1910 1291 2022 possederunt:

223 2016 313 2107 quin
337 2025 374 2082 et
393 2010 517 2096 iidem,
536 2023 577 2079 ut
594 2006 766 2080 credibile
786 2020 857 2095 est,
875 2007 950 2102 jam
971 2023 1046 2078 auti
1074 2009 1129 2079 uis
1149 2011 1292 2082 Cicero-

222 2110 278 2178 nis
322 2106 542 2178 membranis
591 2104 739 2176 alteram
780 2107 995 2202 scripturam
1036 2130 1060 2176 o
1087 2106 1293 2195 duxeruut,

222 2228 480 2300 summumque
508 2215 690 2273 oratorem
719 2225 802 2271 cum
831 2216 940 2298 poeta
966 2227 1042 2273 non
1067 2202 1169 2274 bono
1192 2230 1293 2278 com·

222 2314 464 2371 mutaverunt.
486 2305 624 2370 Verum
646 2297 872 2396 temporibus
893 2297 1055 2371 barbaris
1076 2303 1181 2372 irasci
1202 2305 1293 2400 quid

222 2399 391 2470 interest?
415 2401 556 2469 Nostrae
579 2400 702 2494 potius
726 2395 950 2491 gratulemur
971 2400 1084 2487 aetati,
1108 2401 1167 2470 cui
1192 2391 1292 2472 Deus

221 2489 381 2595 optimus
404 2495 582 2565 maximus
604 2494 700 2565 hanc
729 2492 871 2565 laudem
898 2493 1043 2582 tribuit,
1069 2509 1111 2566 ut
1135 2495 1172 2566 bi
1230 2524 1293 2568 rae·

220 2594 430 2666 stantissimi
452 2593 621 2663 humanae
641 2594 774 2663 mentis
795 2589 905 2669 foetus
927 2591 972 2663 ab
989 2592 1181 2666 oblivionis
1203 2522 1291 2667 late-

220 2689 295 2763 bris
314 2716 414 2761 nunc
432 2689 581 2762 demum
605 2704 872 2788 emergerent.»

268 2785 381 2857 Valde
399 2802 522 2858 autem
540 2787 715 2884 praeclarae
731 2812 773 2858 ac
788 2812 891 2857 novae
907 2813 952 2858 ex
974 2786 1044 2859 hoc
1064 2814 1159 2860 novo
1177 2793 1291 2863 inter·

219 2897 321 2989 prete
337 2885 473 2955 notitiae
487 2882 674 2955 accedunt.
696 2882 915 2968 Absolvitur,
928 2883 992 2955 illo
1012 2885 1184 2978 docente,
1202 2915 1291 2960 con-

143 3064 145 3072 ,
219 2984 410 3070 troversia,
439 2983 519 3079 quis
545 2996 678 3078 praetor
707 2981 843 3052 Archiae
875 3006 1019 3053 causam
1051 2983 1292 3078 judicaverit;

220 3105 335 3178 quum
358 3081 535 3170 Quintum
554 3079 739 3150 Ciceronis
758 3076 906 3150 fratrem
925 3078 1106 3178 praesuisse
1128 3109 1228 3154 nunc
1247 3089 1292 3155 sit

222 3192 449 3274 compertum
467 3205 474 3246 :
490 3192 537 3264 et,
551 3191 593 3247 ut
612 3192 731 3248 cetera
745 3190 903 3262 taceam,
917 3176 1182 3251 nobilissimum
1201 3195 1292 3254 tunc

218 3277 375 3372 primum
393 3273 511 3344 editur
527 3277 566 3343 C.
580 3273 733 3346 Gracchi
752 3272 1014 3372 fragmentum,
1033 3291 1075 3347 ut
1093 3292 1291 3365 vetustate,

219 3373 268 3443 ita
288 3371 441 3443 dicentis
461 3373 607 3468 ingenio
632 3372 786 3443 maxime
815 3370 1074 3445 venerandum.
1103 3374 1184 3446 Illas
1202 3401 1291 3475 ergo

219 3469 471 3541 adnotationes
502 3470 701 3565 unicuique
741 3470 897 3540 orationi
940 3475 1219 3568 supposuimus,
1255 3490 1292 3546 et

216 3569 321 3662 justae
348 3581 427 3637 tum
475 3566 608 3635 rimum
631 3568 816 3638 Ciceronis
844 3565 996 3638 editioni
1020 3569 1287 3664 conjunximus.

216 3670 355 3737 Verum
375 3689 421 3735 ne
440 3591 577 3734 <liutius
596 3664 634 3733 in
658 3663 729 3735 hoc
742 3662 866 3735 limine
881 3688 1162 3753 commoremur,
1175 3666 1290 3740 ferme

217 3761 308 3832 nibil
324 3761 370 3833 de
390 3776 549 3859 quatuor
567 3760 793 3832 orationibus
810 3760 1002 3849 addemus,
1021 3788 1102 3860 quae
1120 3766 1290 3838 Ciceroni

217 3885 236 3930 a
259 3858 470 3930 Marklando
493 3873 529 3929 et
551 3856 684 3929 Wolfio
709 3856 982 3955 abjudicantur,
1004 3884 1025 3931 a
1047 3864 1228 3934 Gessnero
1252 3879 1291 3937 et

215 3955 373 4028 Weiskio
395 3955 665 4045 defenduntur3
690 3955 736 4027 de
762 3958 1007 4029 controversia
1027 3957 1094 4030 hac
1115 3957 1231 4032 fusius
1250 3963 1290 4032 in

218 4057 297 4152 ipso
313 4055 519 4125 orationum
539 4053 668 4160 harum
687 4052 787 4124 aditu
803 4052 978 4141 diximus3
1002 4081 1113 4153 quam
1126 4056 1289 4156 disputa-

217 4153 352 4222 tionem
372 4177 417 4223 ex
439 4151 634 4223 doctissimi
653 4151 719 4221 viri
737 4155 766 4221 J.
781 4155 825 4222 V.
845 4157 894 4223 Le
915 4153 1015 4226 Clerc
1033 4179 1187 4226 excursu
1205 4157 1288 4255 ple-

216 4273 298 4320 rum
326 4273 373 4320 ue
394 4247 648 4348 depromptam
676 4249 705 4320 si
728 4247 831 4320 adeat
850 4248 981 4339 lector,
1006 4254 1221 4324 sententiam
1241 4255 1291 4326 de

218 4274 389 4418 tota‘liac
418 4370 525 4417 causa
554 4345 656 4418 facile
687 4346 842 4416 laturum
872 4372 956 4418 eum
982 4373 1191 4446 speramus3
1222 4354 1289 4450 qni

217 4443 325 4516 nobis
343 4448 481 4521 utinam
506 4442 643 4528 faveat,
662 4457 862 4541 nostroque
879 4447 1012 4542 aspiret
1031 4445 1162 4517 labori!

557 4615 951 4648 *0*—
