2670 5250
366 408 556 477 ORATIO
581 409 680 489 PRO
704 409 741 474 P.
768 407 947 475 SULLA.
1143 405 1189 479 35

133 531 209 603 dine
226 546 263 603 et
277 530 459 602 celeritate
472 528 703 614 scribendi¹²,
721 526 908 615 facillime,
930 553 1009 625 quae
1023 529 1190 603 diceren-

132 656 200 727 tur,
224 639 397 740 persequi
425 664 557 738 posse:
581 644 620 710 C.
647 638 884 724 Cosconium,
910 639 975 734 qui
1001 654 1090 710 tuuc
1114 656 1192 714 erat

132 767 277 848 praetor3
302 754 351 820 M.
373 748 596 840 Messallam,
623 749 786 845 quitum
808 762 1000 846 praetursm
1022 749 1191 846 petebat3

132 864 164 928 P.
186 858 390 956 Nigidium,
409 865 502 957 App.
522 858 726 930 Claudium.
749 857 868 928 Credo
888 882 967 930 esse
987 862 1190 946 neminem,

133 969 264 1065 quibis
282 968 513 1055 hominibus,
533 967 578 1039 ad
598 992 682 1038 vere
700 965 930 1039 referendum
942 963 984 1056 ¹³,
1004 981 1066 1039 aut
1083 966 1193 1040 fidem

132 1094 245 1178 putet,
263 1093 328 1151 a'ut
344 1079 531 1175 ingenium
550 1075 718 1148 defuisse.

171 1194 244 1260 XV.
269 1186 366 1279 Quid
384 1186 532 1275 deinde,
552 1185 641 1283 quid
660 1184 750 1258 feci?
770 1210 885 1282 quum
904 1187 1052 1274 scirem,
1071 1188 1119 1258 ita
1135 1189 1192 1259 in-

134 1296 259 1368 dicium
288 1299 326 1366 in
353 1285 496 1366 tabulas
520 1294 685 1393 publicas
706 1296 880 1380 relatum,
910 1311 952 1366 ut
975 1297 1043 1366 illae
1062 1296 1194 1368 tabulae
1216 1327 1225 1348 ,·

135 1409 261 1503 privata
289 1422 413 1478 tamen
443 1405 605 1477 custodia
620 1417 646 1492 ¹,
677 1431 779 1477 more
805 1406 1005 1501 majorum,
1027 1410 1193 1479 contine-

136 1533 271 1588 rentur:
295 1541 371 1588 uon
395 1516 595 1604 occultavi,
622 1541 698 1586 non
722 1518 886 1587 continui
905 1515 1022 1603 domi,
1042 1517 1107 1588 sed
1129 1518 1193 1590 de-

137 1626 232 1700 scribi
250 1626 297 1698 ab
314 1626 488 1698 omnibus
507 1628 627 1698 statim
645 1624 837 1714 librariis²,
860 1625 969 1698 dividi
988 1629 1135 1724 passim,
1156 1642 1195 1700 et

138 1733 356 1833 pervulgari³,
370 1749 481 1832 atque
498 1735 555 1806 edi
566 1735 703 1832 populo
716 1761 867 1807 romano
880 1738 1065 1832 imperavi.
1081 1738 1195 1808 Divisi

138 1847 193 1916 toti
208 1846 342 1928 Italioe,
360 1845 485 1915 emisi‘·
508 1846 547 1914 in
565 1869 692 1915 omnes
714 1847 938 1941 provincias:
958 1845 1036 1940 ejus
1054 1843 1195 1931 indicii,

140 1979 236 2052 equo
254 1955 352 2027 salus
369 1952 489 2025 oblata
509 1967 604 2024 esset
621 1952 811 2039 omnibus,
831 1969 1019 2052 expertem
1036 1978 1113 2025 esse
1128 1978 1193 2024 ne·

139 2061 284 2137 nincm⁵
307 2062 418 2135 volui.
442 2068 569 2160 ltaque
591 2063 692 2152 dico,
710 2062 831 2134 locum
849 2065 888 2133 in
910 2063 998 2134 orbe
1016 2080 1193 2133 terrarum

137 2198 204 2246 esse
221 2173 388 2260 nullum,
406 2199 481 2272 quo
502 2176 541 2245 in
561 2174 642 2246 looo
667 2175 794 2273 populi
815 2175 958 2245 romani
975 2198 1112 2244 nomen
1129 2177 1192 2263 sit,

135 2285 214 2380 quin
232 2282 364 2356 eodem
383 2286 623 2383 perscriptum
642 2285 713 2357 hoc
729 2283 904 2357 indicium
918 2287 1133 2381 pervenerit.
1151 2288 1194 2355 ln

134 2419 201 2490 quo
225 2411 386 2493 egotam
409 2393 551 2482 subito,
572 2409 609 2466 et
629 2397 777 2492 exiguo,
798 2410 835 2467 et
854 2393 1003 2466 turbido
1027 2409 1194 2493 tempore

132 2502 238 2574 multa
262 2503 451 2592 divinituS,
478 2505 528 2574 ita
554 2517 598 2575 ut
615 2503 709 2591 dixi,
736 2531 812 2577 uon
837 2529 916 2576 mea
934 2519 1082 2603 sponte,
1105 2530 1193 2603 pro·

131 2612 226 2684 vidi:
251 2616 429 2711 primum,
450 2639 498 2684 ue
520 2616 584 2711 qui
607 2631 731 2713 posset
753 2630 892 2686 tantum
914 2629 978 2685 aut
1002 2614 1047 2685 de
1069 2619 1191 2714 reipu-

129 2721 245 2810 blice,
265 2738 328 2793 aut
348 2723 393 2795 de
418 2724 568 2819 alicujus
592 2726 752 2822 periculo
776 2726 994 2812 meminisse,
1014 2742 1191 2822 quantum

128 2885 174 2929 est,
193 2873 264 2933 cujus
277 2873 372 2936 generis
384 2872 455 2920 multi
468 2874 592 2943 innsenatu
602 2890 639 2921 re·
723 2877 763 2923 13.
778 2874 846 2936 slti,
860 2886 921 2922 «sut
934 2879 1005 2922 etism
1019 2876 1192 2935 scribendum,

127 2953 288 3015 periebsutur.
302 2979 337 2988 -
350 2952 400 3000 Sed
420 2952 495 3000 etcum
515 2971 584 3018 quos.
599 2953 639 3002 llli
683 2966 724 3002 sut
737 2954 774 3002 f..
789 2957 848 3001 Hrec
862 2953 949 3011 verbs,
967 2971 1022 3016 quae
1036 2954 1124 3002 sbsuut
1139 2972 1190 3004 nou

127 3032 253 3094 pauciora
263 3042 343 3079 erant.
683 3034 802 3082 immerito
816 3032 846 3080 sb
860 3033 959 3096 optimis
974 3035 1053 3090 MSS,
1074 3035 1131 3084 Em.
1152 3054 1193 3085 re-

163 3125 205 3158 rs.
217 3111 347 3159 celeritate
354 3109 481 3158 seniendi,
495 3111 545 3174 Qui
558 3112 638 3159 scien-
682 3114 772 3174 secuit;
786 3112 884 3159 Lnllem.
895 3113 1007 3160 servavit.
1020 3113 1081 3163 tv,
1093 3116 1120 3162 L.

126 3191 182 3236 tim
195 3189 373 3237 cometudine
381 3190 464 3254 adepti
473 3201 558 3252 erant,
574 3191 638 3237 cele·
718 3194 773 3239 LV.
788 3207 810 3239 s.
823 3189 923 3237 Privata
938 3201 1019 3237 tamen
1033 3191 1152 3242 custodiis.
1161 3197 1191 3242 ln

125 3270 182 3315 riter
192 3267 323 3316 scribendo
333 3266 496 3332 persequendi
505 3284 560 3332 qure
574 3268 639 3316 dice·
682 3269 758 3317 domo
785 3285 838 3316 mea
860 3268 1041 3316 custodirentur
1062 3286 1138 3334 usque
1159 3272 1191 3320 ad

125 3359 217 3395 rentum
239 3347 382 3394 Plutarchus
406 3348 432 3393 in
461 3348 509 3394 rits
540 3347 638 3395 fatonis
682 3346 755 3394 linem
766 3346 905 3394 consulatus
918 3345 975 3392 mei.
986 3348 1145 3398 -Dercn'bs'.
1161 3351 1190 3399 Id

124 3427 227 3475 scibit:
244 3449 257 3469 ι
266 3427 360 3476 Consul
373 3428 460 3476 Cicero
473 3426 637 3476 velocissimos
681 3435 731 3485 est,
740 3427 767 3472 in
776 3425 885 3488 exempla
896 3424 971 3471 multa
985 3427 1120 3475 transcribi.

124 3506 257 3570 scriptores
267 3506 389 3569 disposuit
397 3541 405 3566 ,
414 3517 488 3571 atque
499 3507 599 3563 docuit,
610 3517 638 3554 ut
716 3521 743 3554 α.
757 3502 883 3551 Libruriis.
895 3501 993 3550 Scilicet
1006 3505 1111 3568 publicis
1123 3523 1191 3557 sene-

124 3584 221 3647 siuguls
230 3584 296 3632 dicta
308 3601 353 3648 per
361 3585 477 3648 quasdam
490 3601 575 3649 parvas
582 3584 637 3632 bre·
677 3595 720 3632 tus
730 3596 754 3631 et
765 3582 892 3631 consulum
902 3579 997 3631 scribis.

126 3679 214 3727 resque
227 3664 443 3723 uotae,multarum
457 3665 579 3712 literarum
589 3666 638 3711 vim
718 3663 742 3709 3.
755 3660 822 3709 Libri
835 3659 948 3722 quidam,
959 3661 1091 3728 divulgari,
1104 3676 1133 3714 nt
1145 3666 1191 3714 inl.

125 3742 241 3790 lubentes
257 3743 401 3806 colligerent
410 3766 430 3792 ι.
441 3744 558 3791 Nondum
574 3743 637 3791 enim
683 3751 727 3789 est.
740 3742 756 3788 J
759 3743 803 3788 .V.
813 3742 839 3786 L.

125 3822 214 3884 reperti
226 3834 293 3869 erant
305 3823 334 3880 ii,
347 3824 391 3884 qui
407 3824 493 3870 notarii
512 3822 638 3886 appellun-
718 3828 742 3875 4.
755 3817 817 3865 Eud.
828 3833 867 3880 pr.
878 3817 962 3874 divis&
975 3818 1194 3871 hmbin.eMem-

127 3910 172 3951 tur.
190 3901 299 3948 sedtum
316 3900 416 3947 demum
432 3903 482 3961 ejus
493 3924 506 3943 u
516 3903 551 3948 rei
564 3903 638 3949 vesti·
683 3897 725 3944 mii
738 3897 888 3956 conjecture,
907 3896 996 3946 dirnisr'.
1006 3899 1067 3946 Π.
1083 3903 1109 3947 L.

129 3980 192 4039 glum
202 3981 321 4026 exstitisse
337 3981 418 4026 lerunt
430 4002 450 4029 ο.
463 3981 529 4027 Idem
540 3981 640 4029 Catonis
722 3979 746 4024 5.
761 3974 851 4022 Iudicii
856 4009 916 4023 .....
922 3987 1044 4040 expertem
1058 3995 1108 4025 erse
1118 3981 1206 4027 nemi-.

129 4060 267 4105 senteutiam
281 4059 330 4106 boc
343 4057 420 4105 modo
430 4071 568 4124 excerptam
581 4060 641 4106 luis·
684 4072 748 4102 nem.
763 4054 873 4114 Scilicet,
891 4071 974 4102 omnes
989 4058 1088 4119 penitus
1101 4075 1194 4122 cogno·

129 4150 246 4200 se,atque
254 4150 374 4186 servatm
384 4148 464 4199 putat.
685 4145 787 4182 scerent.
