2670 5250
356 378 550 447 ORATIO
575 378 676 446 PRO
701 379 738 444 P.
762 376 940 445 SULLA.
1133 375 1178 448 33

125 500 246 588 bitror,
277 522 370 570 uum
402 511 578 595 purgetur
607 496 756 592 aliquis,
785 494 848 567 sed
880 522 969 567 num
997 513 1179 596 arguatur.

123 612 253 684 Etenim
272 632 387 706 quum
407 621 513 702 negat
528 630 566 677 se
589 607 679 678 scire
699 609 859 691 Cassius,
877 621 1002 676 utrum
1020 607 1183 679 sublevat

124 720 269 807 Sullam,
285 742 332 789 au
349 717 433 788 satis
450 715 582 813 probat
602 740 639 787 se
659 716 825 787 nescire?
846 715 1018 788 Sublevat
1031 722 1062 770 ¹4
1085 718 1181 816 apud

126 828 247 900 Gallos.
278 824 374 918 Quid
397 825 474 896 ita?
500 849 548 895 ne
568 824 756 896 iudicent?
774 825 893 917 Quid?
915 830 944 897 si
979 827 1183 925 periculum

125 964 193 1011 esse
218 950 403 1036 putasset,
435 960 483 1007 ne
512 931 608 1006 illi¹⁵
631 960 804 1032 umquam
829 935 1046 1026 indicarent3
1072 936 1117 1008 de
1147 962 1185 1009 se

125 1053 196 1148 ipso
208 1044 396 1121 confessus
408 1045 523 1117 esset?
535 1045 701 1116 Nescivit.
716 1042 834 1115 Credo
843 1100 853 1133 ,
860 1070 872 1140 J
878 1045 998 1117 udices
1009 1101 1018 1132 ,
1031 1046 1186 1118 celatum

131 1183 198 1230 esse
212 1159 377 1230 Cassium
405 1155 451 1228 de
475 1154 571 1226 Sulla
592 1153 736 1226 uno¹⁶:
766 1181 847 1226 nam
874 1154 919 1226 de
939 1157 1067 1228 ceteris
1090 1171 1186 1228 certe

129 1265 275 1354 sciebat3
297 1281 334 1336 et
354 1289 396 1335 ea
416 1264 516 1335 domi
537 1265 617 1359 ejus
637 1264 810 1362 pleraque
833 1265 985 1337 conflata
1006 1292 1081 1338 esse
1103 1292 1188 1338 con·

130 1375 246 1447 stabat.
267 1374 342 1464 Qui
361 1397 493 1470 negare
515 1373 632 1444 noluit
652 1398 728 1444 esse
746 1376 783 1444 in
807 1399 852 1446 eo
868 1400 1021 1447 numero
1037 1377 1191 1465 Sullam,

132 1510 194 1581 quo
215 1483 301 1583 plus
324 1485 400 1582 spei
418 1482 529 1554 Gallis
544 1483 665 1571 daret,
685 1482 803 1555 dicere
825 1499 945 1556 autem
963 1483 1092 1557 falsum
1113 1510 1189 1558 non

134 1619 229 1666 ausus
242 1610 316 1682 est,
337 1596 477 1665 nescire
488 1604 518 1649 ¹⁷
538 1593 638 1664 dixit.
658 1600 769 1692 Atqui
784 1595 855 1667 hoc
869 1597 1099 1694 perspicuum
1116 1612 1190 1685 est,

136 1729 235 1800 quum
261 1707 314 1792 is,
342 1705 406 1800 qui
430 1704 476 1775 de
495 1702 667 1774 omnibus
695 1703 832 1791 scierit,
855 1704 898 1776 de
919 1707 1017 1777 Sulla
1042 1731 1079 1778 sc
1102 1710 1191 1777 scire

138 1816 281 1913 negarit3
305 1813 472 1886 eamdem
496 1815 568 1883 vim
600 1838 677 1885 esse
703 1816 903 1910 negationis
925 1814 1051 1910 hujus,
1082 1838 1192 1911 quam

140 1927 270 1997 siextra
290 1923 579 2018 conjurationem
593 1917 624 1967 ¹⁸
643 1924 741 1994 hunc
759 1949 852 2013 esse,
873 1948 910 1995 se
928 1927 1017 1996 scire
1035 1924 1191 1995 dixisset.

141 2038 233 2121 llam,
250 2034 359 2129 cujus
375 2033 560 2104 scientiam
574 2031 619 2103 de
634 2031 802 2103 omnibus
815 2047 956 2104 constat
972 2032 1098 2118 fuisse,
1115 2033 1193 2126 ejus

142 2143 304 2239 ignoratio
324 2140 370 2213 de
395 2139 537 2237 aliquo,
556 2144 722 2239 purgatio
745 2141 853 2213 debet
878 2142 1001 2213 videri.
1028 2142 1095 2213 Sed
1119 2143 1193 2239 jam

142 2275 201 2322 non
215 2275 362 2349 quaero,
377 2266 553 2347 purgetne
567 2253 708 2324 Cassius
727 2252 880 2322 Sullam:
895 2251 984 2322 illud
1007 2253 1094 2322 mihi
1116 2267 1195 2323 tan·

141 2375 204 2432 tum
221 2363 306 2433 satis
325 2374 394 2448 est,
416 2375 543 2431 contra
560 2360 694 2431 Sullam
718 2360 807 2430 nihil
829 2386 905 2432 esse
921 2362 959 2430 in
978 2361 1121 2432 indicio.

176 2475 266 2544 xtv.
286 2470 463 2542 Exclusus
481 2471 548 2567 hac
566 2473 818 2542 criminatione
834 2477 1054 2568 Torquatus,
1071 2496 1194 2542 rursus

140 2582 169 2651 iu
188 2606 246 2652 me
268 2583 394 2666 irruit,
415 2605 473 2651 me
495 2596 646 2651 accusat.
664 2583 741 2666 Ait,
760 2606 819 2652 me
837 2580 941 2652 aliter
954 2592 978 2666 ¹,
1000 2580 1194 2652 aedictum

138 2705 203 2775 est,
220 2692 260 2761 in
284 2689 424 2761 tabulas
444 2689 630 2787 publicas²
647 2692 823 2763 retulisse.
846 2696 877 2762 O
901 2691 950 2760 dii
973 2690 1195 2761 immortales

136 2798 258 2895 (vobis
284 2804 381 2870 enim
410 2799 591 2886 tribuam,
623 2827 703 2898 quae
731 2817 847 2871 vestra
879 2815 984 2885 sunt3
1016 2823 1082 2869 nec
1109 2824 1195 2869 vero

82 2942 86 2949 ·
133 2935 278 3008 possum
292 2934 377 2980 meo
393 2925 533 2981 tantum
550 2913 695 3009 ingenio
715 2912 820 2997 (lare,
837 2926 877 2981 ut
900 2925 952 2980 tot
968 2936 1042 2995 res,
1062 2925 1196 2992 tantas,

133 3035 205 3089 tam
232 3021 364 3106 varias,
393 3035 464 3090 tam
487 3024 714 3116 repentinas,
743 3023 781 3090 in
808 3019 866 3090 illa
891 3019 1198 3089 turbulentissima

132 3143 346 3226 tempestate
379 3127 610 3226 reipublicae,
643 3155 722 3200 mea
754 3145 882 3227 sponte
911 3125 1195 3226 dispexerim³tt

170 3331 210 3379 tt.
239 3322 359 3370 Sublevat.
383 3321 496 3379 Minuit,
521 3320 641 3379 inlinunt,
688 3323 805 3382 Catilina,
824 3333 875 3382 est,
896 3323 966 3386 quod
988 3332 1011 3368 tc
1032 3323 1082 3381 jam
1105 3320 1131 3367 in
1153 3319 1199 3367 hae

129 3414 236 3451 extum
249 3402 397 3465 eutpam.-
412 3399 576 3449 Neindt'cent.
587 3403 609 3449 1.
622 3417 644 3447 e.
687 3402 747 3449 urbe
761 3403 963 3465 possitretinere,
977 3402 1061 3464 inqua
1077 3416 1150 3447 nemo
1164 3409 1200 3446 est

130 3481 163 3529 ad
171 3491 281 3529 oemttun
294 3480 384 3527 Sullam
395 3478 513 3527 deferant.
688 3490 754 3529 extra
764 3482 832 3528 istam
842 3481 1036 3541 conjurationem
1047 3478 1199 3543 perditorum

170 3559 294 3624 15.Apu‹t
306 3559 380 3614 alios,
398 3556 450 3604 ulti.
461 3559 526 3607 Η.
542 3558 568 3604 L.
688 3560 828 3615 hominurn,
844 3561 886 3622 qni
905 3571 928 3606 te
946 3571 996 3606 non
1008 3570 1113 3615 metuat,
1128 3573 1200 3604 nemo

170 3640 210 3685 16.
229 3637 378 3685 celatum...
393 3635 425 3682 de
439 3636 508 3683 Sulla
521 3652 580 3683 tino.
593 3638 645 3682 lto·
688 3640 731 3703 qui
744 3650 767 3685 te
780 3656 830 3686 nou
844 3639 923 3686 oderit
934 3659 956 3686 ι,

132 3719 195 3764 nice.
208 3714 304 3778 Nempe
316 3716 337 3761 si
351 3713 416 3762 Sulla
431 3715 456 3759 in
471 3731 572 3761 numero
584 3731 644 3761 con·
724 3721 793 3765 XIV.
812 3734 833 3763 1.
847 3717 933 3763 Aitme
943 3717 1103 3765 atticarum
1111 3717 1200 3762 venet.

81 3810 84 3847 t
130 3799 268 3856 juniorum
278 3793 361 3841 taines
371 3792 532 3846 ,incredibile
542 3803 604 3840 esset
616 3792 646 3839 de
690 3797 782 3844 omittit
794 3799 914 3843 me.—Ac
927 3795 1016 3842 dictum
1031 3807 1075 3842 est.
1091 3793 1201 3842 Subaud.

133 3890 164 3922 eo
175 3889 227 3920 uno
242 3872 350 3921 Cassium
364 3887 415 3918 esse
429 3871 539 3919 celatum.
691 3875 722 3922 ab
735 3875 918 3937 Allobrogibus.

172 3968 214 4011 17.
224 3950 313 3997 lamb·
324 3949 418 3997 nescire
431 3965 463 3997 se·
478 3953 503 3997 J·
512 3953 543 3996 V·
556 3951 582 3995 L·
729 3970 752 4000 a.
766 3957 794 3999 ln
807 3966 823 4000 t.
831 3953 897 4016 publ.
910 3955 991 4015 Quum
1003 3969 1077 3999 essent
1088 3952 1181 3998 consul.

174 4033 213 4078 rt.
234 4031 313 4075 Extra
331 4027 531 4093 conjurationem.
546 4029 647 4088 Jamjam
727 4036 750 4079 3.
768 4033 927 4095 Di'speserr'm.
939 4034 995 4079 Non
1010 4033 1082 4078 modo
1096 4030 1203 4078 animad-

141 4116 232 4164 diunt
243 4126 324 4163 orator
333 4115 432 4164 Catilio.
444 4130 453 4160 t
465 4114 566 4176 :aQutd
575 4116 647 4173 cuim,
693 4113 817 4171 verterim,
831 4111 872 4160 scd
886 4111 1043 4177 providerim.

212 4203 272 4272 lv.
302 4221 346 4266 ac.
355 4232 412 4280 puts
422 4215 530 4263 sarmada.
1063 4193 1083 4262 3
