2670 5250
229 810 288 899 ια’
546 832 595 898 n.
620 830 660 896 Τ.
686 829 980 898 nicanorus

224 975 306 1021 rum
326 952 533 1021 societatem
554 949 767 1022 diremisset.
787 951 880 1041 Quis
903 963 1070 1020 nostrum
1096 952 1194 1021 Serv.
1223 942 1325 1023 Sulss'

224 1055 344 1131 lam⁸l
365 1062 446 1157 quis
472 1060 532 1130 tt?
559 1062 640 1157 quis
664 1066 713 1131 M.
740 1061 930 1131 Laecamal
948 1056 1073 1155 quis¹⁶
1090 1061 1308 1132 Cornelium

224 1169 497 1242 defendendum
517 1172 680 1268 putavit?
698 1174 780 1268 quis
796 1170 853 1242 his
869 1170 1004 1242 borum
1018 1169 1159 1241 adfuit?
1173 1175 1305 1244 Nemo.

224 1279 323 1373 Quid
342 1280 414 1349 ita?
432 1282 519 1376 quia
539 1281 667 1350 ceteris
685 1281 724 1350 in
743 1283 880 1368 causis,
898 1283 1006 1352 ctiam
1025 1296 1218 1368 nocentes,
1233 1284 1307 1354 'viri

222 1386 334 1472 boni,
353 1392 382 1459 si
400 1389 592 1463 necessarii
611 1403 718 1478 sunt,
745 1389 1006 1462 deserendos¹¹
1028 1388 1106 1463 ease
1129 1416 1207 1462 non
1233 1417 1305 1491 pu-

167 1508 171 1515 '
222 1512 301 1568 tant
312 1509 341 1541 ¹²
360 1525 368 1566 :
388 1499 426 1568 in
445 1497 516 1569 hoc
535 1500 687 1570 crimine
704 1525 781 1571 non
798 1499 919 1572 solum
933 1499 1088 1572 levitatis
1106 1515 1161 1571 est
1177 1501 1303 1599 culpa,

220 1631 349 1678 verum
366 1612 475 1679 etiam
493 1607 661 1705 quaedam
678 1613 846 1709 contagio
861 1609 1004 1683 sceleris
1016 1607 1062 1698 ¹³,
1079 1613 1109 1681 si
1128 1608 1304 1684 defendas

221 1741 325 1805 eum,
352 1742 463 1815 quem
484 1717 698 1791 obstrictum
721 1745 800 1794 esse
818 1724 942 1820 patriae
963 1719 1158 1820 parricidio
1181 1725 1303 1821 suspi-

221 1851 313 1900 oere.
337 1828 458 1919 Quid?
479 1832 660 1908 Autronio
684 1855 812 1903 nonne
831 1831 973 1903 sodales
990 1834 1033 1920 ¹⁴,
1055 1857 1130 1902 non
1154 1832 1302 1931 collegae

221 1939 297 2024 sui,
316 1963 393 2009 non
415 1954 555 2012 veteres
572 1941 698 2028 amici,
725 1966 885 2039 quorum
907 1941 967 2015 ille
986 1944 1093 2041 copia
1110 1943 1302 2040 quondam

221 2046 443 2137 abundarat,
456 2075 533 2121 non
548 2049 585 2120 hi
600 2075 747 2140 omnes,
760 2056 825 2149 qui
844 2067 931 2125 sunt
947 2053 986 2122 in
1001 2050 1191 2152 republica
1204 2057 1303 2153 prin·

222 2159 346 2256 cipes,
373 2157 597 2231 defuerunt?
620 2162 733 2231 immo
764 2165 872 2233 etiam
898 2162 1106 2234 testimonio
1133 2163 1302 2260 plerique

222 2267 455 2340 laeserunt¹⁵l
472 2275 695 2358 statuerant,
712 2285 854 2343 tanturn
870 2271 961 2344 illud
976 2296 1053 2344 esse
1067 2271 1301 2358 maleficium,

221 2379 323 2476 quod
340 2405 417 2451 non
435 2380 547 2452 modo
566 2406 642 2452 non
661 2381 836 2453 occultari
855 2407 923 2482 per
939 2406 997 2469 se,
1015 2381 1079 2454 sed
1094 2383 1203 2456 etiam
1217 2407 1301 2483 ape·

220 2490 283 2561 riri
302 2490 546 2588 illustrarique
564 2489 726 2563 deberet.

270 2605 333 2671 111.
362 2601 611 2693 Quamobrem
641 2599 733 2701 quid
759 2617 834 2692 est,
856 2602 959 2703 quod
989 2604 1140 2693 mirere,
1161 2605 1193 2676 si
1214 2627 1300 2677 cum

257 2821 282 2868 Β.
295 2818 402 2873 Seruium
410 2821 513 2870 Sullam.
528 2822 626 2875 Servius
642 2832 667 2870 et
685 2823 734 2868 Pu·
779 2821 905 2871 conanlem
941 2821 1129 2870 interfecturum
1170 2819 1300 2886 pollicitus

221 2897 285 2947 bllus
297 2899 375 2956 Sulla,
388 2898 462 2946 ambo
476 2900 612 2959 conjurati,
627 2899 735 2963 proximi
781 2912 843 2949 erat.

219 2988 288 3025 erant
299 2980 328 3025 P.
343 2977 417 3025 Sullae
431 2995 504 3042 quem
516 2978 626 3027 defendit
637 2978 734 3028 Cicero.
819 2996 858 3029 rr.
879 2978 1033 3028 Probabilior
1050 2978 1124 3027 nobis
1145 2977 1200 3027 baec
1222 2978 1298 3027 lectio

219 3056 270 3119 Qui
278 3055 365 3119 legunt
377 3056 455 3120 «quis
468 3059 498 3105 P.
509 3058 639 3106 Lentulum
651 3057 735 3114 ·‚Ser·
778 3059 912 3118 videtum
922 3058 1052 3107 Gruteroe
1064 3059 1128 3106 Mss
1144 3057 1223 3106 Palat.
1237 3073 1297 3122 pro·

219 3135 287 3182 vium
303 3135 394 3183 Sullam
409 3135 509 3184 fratrem
529 3152 580 3184 essa
599 3137 681 3184 Publii
696 3137 734 3185 Ci·
777 3138 839 3197 leta,
852 3153 925 3202 qnam
938 3153 993 3201 qnae
1005 3136 1130 3201 placuerat
1143 3135 1232 3199 priscis
1241 3135 1299 3186 edd.

219 3214 316 3261 ceronis
343 3214 439 3263 clientis
469 3216 634 3265 contendunt.
663 3217 734 3263 Tunc
776 3217 873 3282 ipsique
886 3219 980 3265 Ernest.
999 3232 1069 3264 unon
1088 3214 1292 3266 defendendoan.

218 3293 321 3341 alterum
333 3293 410 3341 altero
425 3294 498 3341 fratre
514 3294 589 3358 louge
604 3295 733 3343 nocentio-
777 3298 839 3345 J.V.
854 3297 881 3344 1.

218 3389 268 3420 rem
286 3372 428 3437 ponendum
449 3383 520 3422 esset.
544 3374 671 3422 Sallustius
691 3390 752 3446 eos¹
817 3376 925 3423 ra.Esse
939 3390 989 3421 non
1000 3383 1100 3438 putant.
1113 3370 1194 3437 Negat
1204 3372 1295 3422 Cicero
1323 3432 1325 3437 Ι

217 3451 282 3500 inter
295 3453 435 3513 conjuratos
451 3469 506 3517 cap.
527 3468 568 3514 17,
586 3456 614 3501 P.
628 3464 652 3501 et
662 3455 733 3503 Serv.
778 3455 803 3502 in
816 3453 881 3501 libro
896 3449 1010 3501 deOffic.
1024 3456 1061 3512 ll,
1076 3451 1298 3500 -babendumesae

218 3531 310 3580 Sullam
323 3531 487 3589 seruilibus,
505 3532 574 3580 nullo
592 3531 731 3579 discrimine
775 3533 888 3597 religioni
910 3533 1076 3590 contrarium,
1100 3541 1233 3579 nocentem
1251 3531 1295 3580 ali·

218 3613 335 3659 nominat.
354 3611 462 3660 Solvitur
484 3610 580 3668 nodus,
605 3612 626 3659 si
645 3611 732 3675 legeris
775 3611 875 3677 quando
894 3622 920 3660 et
937 3611 1057 3665 nefarium
1075 3610 1230 3675 impiumque
1248 3609 1293 3658 ‹le-

218 3692 272 3754 quis
283 3696 331 3740 lt?
344 3692 407 3739 Nam
416 3691 458 3739 ille
472 3690 573 3738 Publius
586 3706 637 3738 non
648 3701 731 3755 potest
775 3690 888 3750 fendere3
902 3689 954 3737 vult
961 3727 969 3752 ,
977 3691 1059 3754 inquit
1069 3690 1133 3748 ,hoc
1142 3689 1296 3751 multitudo,

217 3771 283 3819 idem
296 3788 348 3819 esse
360 3788 432 3834 quem
443 3769 552 3819 defendit
568 3771 668 3826 Cicer03
686 3769 730 3816 sed
775 3771 866 3835 patitur
874 3770 1040 3828 consuetudo,
1059 3771 1106 3818 fert
1115 3770 1189 3818 etiam
1203 3769 1292 3817 buma-

217 3849 322 3913 plnrlma
340 3850 384 3897 alia
403 3851 505 3898 incerta.
525 3848 624 3897 Habent
643 3848 730 3907 multi,
774 3851 865 3898 niusa.

217 3929 282 3976 inter
293 3944 356 3992 quoa
371 3930 514 3988 Eturamina,
532 3951 545 3970 ι
553 3927 608 3992 qnia
621 3930 652 3975 P.
666 3930 730 3975 Lon·
814 3928 854 3977 13.
871 3927 994 3992 Quaedam
1007 3928 1125 3994 contagio
1135 3927 1242 3976 scekn's.
1251 3927 1298 3976 Al·

219 4009 319 4056 tnlum?
335 4028 347 4049 ·
775 4006 832 4056 linis
849 4008 915 4055 enim
932 4007 1068 4072 suspicioni
1088 4017 1139 4067 ast,
1155 4009 1200 4072 qui
1218 4007 1296 4056 alium

255 4103 280 4151 9.
291 4086 349 4150 Quis
361 4089 396 4135 M.
404 4085 568 4135 assumant.
578 4102 607 4135 ex
618 4087 649 4135 al.
655 4085 730 4134 codd.
775 4086 952 4147 conjurationis
965 4086 1086 4135 defendit.

219 4169 328 4216 Leccam.
347 4168 384 4214 M.
397 4167 510 4215 Porcium
524 4169 616 4214 Laecam
631 4177 729 4214 senato·
813 4169 855 4226 id.
864 4166 984 4215 Autronio
997 4182 1078 4214 noune
1090 4165 1198 4214 sodales.
1209 4166 1298 4230 Appa-

219 4263 287 4305 rem,
299 4246 369 4306 cujus
380 4247 407 4293 in
420 4246 520 4294 domum
531 4247 675 4308 conjuratos
684 4246 731 4295 Ca·
775 4257 813 4294 ret
834 4246 873 4294 bis
895 4262 947 4295 asse
969 4245 1123 4304 damnatum,
1141 4244 1173 4292 de
1194 4244 1291 4301 ambitu

152 4368 153 4378 ,
218 4325 289 4374 tilina
315 4326 469 4373 convocarit.
494 4323 558 4372 Vide
582 4324 608 4371 in
631 4325 729 4374 Catilio.
775 4327 896 4390 primum,
909 4324 1012 4384 deinde,
1027 4324 1096 4390 quod
1109 4323 1149 4372 bic
1168 4321 1296 4388 elgnifica·

222 4414 285 4453 orat.
303 4419 326 4461 1,
337 4413 360 4460 t.
776 4416 825 4464 tur,
837 4404 867 4452 de
881 4405 1014 4465 majestete.

260 4498 299 4531 ιο.
323 4480 383 4545 Quis
401 4479 546 4529 Cornelium.
568 4484 607 4530 Ex
624 4483 732 4546 equestri
815 4486 1001 4534 15.Loeserunt.
1013 4486 1032 4532 l.
1045 4501 1067 4532 e.
1081 4495 1166 4533 cantra
1186 4498 1244 4531 eum
1257 4492 1295 4531 ta·

219 4562 315 4610 ordine.
336 4560 381 4609 llle
405 4571 441 4609 eat
464 4560 509 4623 qui
536 4576 562 4609 sc
588 4562 731 4610 Ciceronem
777 4563 919 4613 stimonium
933 4563 1057 4613 dixerunt.
