2670 5250
471 876 857 946 ARGUMENTUM.

106 1056 108 1061 s
162 1017 249 1076 quam
264 997 357 1056 videri
369 997 588 1074 conjuratorum
596 1019 711 1077 poenam
725 1011 907 1076 mortemque
920 998 1029 1077 lugere.
1043 1004 1120 1059 Tum
1131 1002 1205 1060 illud

161 1098 207 1155 vel
223 1097 347 1154 maxime
369 1094 642 1174 reprehendendum
658 1117 721 1156 esse
735 1096 821 1168 dicit,
836 1096 918 1175 quod
934 1101 1103 1176 Torquatus
1122 1099 1205 1157 arbi-

162 1207 257 1251 tretur
276 1192 355 1272 plebi
368 1208 496 1250 romanae
512 1213 558 1251 res
570 1213 618 1252 eas
628 1214 687 1251 non
697 1192 833 1272 probari,
851 1213 916 1271 quae
930 1213 962 1251 se
972 1196 1093 1253 consule
1103 1216 1206 1254 omnes

129 1291 137 1298 ’
160 1289 232 1348 boni
255 1311 310 1369 pro
326 1290 419 1347 salute
441 1290 589 1348 communi
607 1292 756 1368 gesserint.
780 1296 883 1369 ltaque
898 1291 1028 1350 excurrit
1046 1293 1077 1349 in
1102 1292 1208 1351 laudes'

161 1402 259 1445 rerum
274 1407 291 1444 a
304 1406 335 1444 se
348 1387 378 1444 in
394 1387 546 1445 consulatu
561 1387 704 1457 adversus
719 1389 873 1447 Catilinam
888 1401 1048 1465 gestarum,
1066 1389 1159 1467 idque
1173 1411 1205 1448 se

159 1499 292 1544 coactum
307 1504 324 1542 a
337 1489 504 1563 Torquato,
522 1484 603 1562 quod
619 1486 649 1543 in
663 1507 694 1544 se
704 1487 924 1546 esset'oratione
938 1506 990 1546 sua
1001 1487 1151 1558 invectus,
1166 1489 1206 1548 sa·

160 1600 227 1641 cere
240 1582 384 1653 ostendit,
404 1597 506 1640 ro·ra.

199 1685 275 1739 Tum
293 1677 407 1737 accedit
422 1677 458 1736 ad
472 1679 566 1756 ipsam
586 1696 702 1738 causam
719 1670 905 1759 et'Torquati
918 1681 1141 1741 criminationes
1155 1682 1205 1741 di·

158 1778 290 1838 luendas.
314 1778 444 1836 Primum
466 1777 515 1834 ille
531 1776 645 1835 dixerat
659 1776 696 1835 ab
712 1776 923 1856 Allobrogibus
940 1779 1124 1838 nominatum
1141 1801 1204 1839 esse

157 1877 277 1936 Sullam.
292 1876 395 1935 Cicero
407 1873 588 1933 demonstrat
600 1875 630 1932 ln
642 1895 744 1934 eorum
758 1875 870 1934 indicio
885 1876 958 1934 nihil
974 1897 1053 1949 esse,
1069 1879 1152 1955 quod
1168 1882 1205 1938 sit

158 1973 187 2031 in
202 1973 312 2031 Sullam
329 1970 533 2037 criminosum,
554 1971 599 2028 13.
613 1969 726 2028 Deinde
741 1975 909 2049 Torquatus
923 1970 1056 2040 dixerat,
1078 1975 1203 2032 Cicero-

156 2089 223 2126 nem
238 2067 323 2125 aliter
338 2086 371 2123 ac
387 2064 497 2123 dictum
514 2065 603 2123 luerit
619 2065 650 2122 in
668 2064 782 2124 tabulas
794 2065 927 2144 publicas
948 2067 1096 2140 retulisse3
1113 2090 1204 2147 quam

156 2165 328 2224 calumniam
345 2163 447 2221 Cicero
461 2163 590 2240 graviter
598 2161 737 2236 retundit,
755 2174 854 2236 14⁴7·
867 2168 942 2223 Tum
954 2166 1063 2224 refutat
1077 2167 1109 2224 id
1121 2168 1204 2244 quod
1239 2158 1244 2162 ⁸

157 2264 206 2322 ille
221 2261 336 2320 dixerat
350 2261 460 2320 Sullam
483 2259 520 2318 ab
541 2259 603 2336 ejus
624 2260 773 2335 Cornelii,
790 2261 842 2337 qui
861 2261 939 2320 inter
952 2262 1048 2322 socios
1068 2266 1204 2324 Catilinae

155 2361 260 2427 fuerat,
272 2357 332 2415 lilio
345 2355 485 2424 accusari,
500 2357 545 2426 18,
553 2368 583 2413 et
598 2353 774 2433 gladiatores
789 2360 871 2416 abeo
883 2356 920 2415 ad
931 2357 1040 2417 caedem
1052 2373 1083 2418 et
1098 2363 1203 2420 tumul-

158 2470 220 2514 tum
234 2467 348 2532 emptos
361 2472 440 2521 esse,
464 2451 516 2510 ubi
526 2450 690 2510 ostenditur
702 2454 813 2512 Sullam
821 2454 876 2512 hos
887 2453 923 2512 ad
934 2475 1040 2514 munus
1051 2456 1201 2517 edendum

156 2556 281 2622 emisse,
300 2567 345 2630 19.
358 2556 450 2609 Porro
464 2555 632 2628 Torquatus
646 2548 761 2608 dixerat
773 2551 889 2610 Sittium
901 2571 918 2610 a
929 2553 1010 2612 Sulla
1025 2554 1055 2611 in
1067 2555 1196 2613 ulterio-

155 2673 217 2710 rem
237 2650 407 2728 Hispaniam
426 2649 565 2717 missum‚
588 2661 621 2706 ut
637 2667 701 2707 eam
721 2649 902 2727 provinciam
921 2650 1117 2728 perturbaret.
1138 2656 1193 2712 Cui

155 2749 257 2807 Cicero
272 2746 429 2824 respondet
442 2747 559 2804 Sittium
574 2760 641 2804 ante
655 2745 865 2822 conjurationis
882 2748 1075 2826 suspicionem
1091 2752 1194 2827 prose-

155 2859 233 2904 ctum
244 2863 307 2902 esse
318 2841 357 2900 ob
368 2843 558 2900 necessariam
575 2862 705 2914 causam,
722 2863 826 2922 magna
837 2845 951 2903 ratione
966 2866 1033 2904 cum
1046 2849 1194 2906 Maurita-

155 2944 212 3000 niae
225 2959 293 3018 rege
307 2953 472 3010 contracta,
498 2960 545 2998 ao.
570 2946 635 3000 Jam
656 2961 727 3000 vero
741 2940 822 3019 quod
845 2946 1013 3020 Torquatus
1032 2942 1198 3021 subjecerat

155 3039 347 3117 Pompeianos
361 3079 369 3106 ‚
382 3037 411 3094 h.
426 3056 451 3099 e.
468 3037 571 3116 oppidi
585 3039 791 3116 Pompeiorum
813 3039 923 3097 incolas
939 3060 1001 3098 esse
1017 3060 1034 3097 a
1048 3042 1130 3099 Sulla
1143 3044 1194 3100 im·

154 3139 268 3218 pulsos,
285 3149 317 3194 ut
332 3135 368 3193 ad
389 3134 620 3211 conjurationem
637 3137 834 3199 Catilinariam
846 3135 1035 3209 accederent,
1050 3137 1080 3195 id
1093 3140 1195 3216 cujus-

155 3233 237 3294 modi
250 3235 287 3292 sit
298 3245 383 3310 negat
393 3233 496 3290 Cicero
507 3249 537 3289 se
550 3231 710 3309 intelligere
719 3253 812 3311 posse.
821 3239 924 3311 Neque
937 3234 1014 3292 enim
1029 3233 1197 3311 conjurasse

133 3400 141 3407 ..
155 3330 360 3410 Pompeianos,
383 3346 478 3406 neque
497 3330 609 3387 Sullam
632 3348 683 3387 eos
701 3348 718 3387 a
736 3331 851 3389 colonis
874 3330 1064 3408 disjunxisse,
1087 3346 1120 3391 ut
1139 3333 1196 3392 hoc

155 3428 278 3488 discidio
298 3428 373 3485 facto
393 3440 492 3505 posset
514 3445 564 3484 eos
583 3426 614 3483 in
637 3444 690 3485 sua
713 3440 858 3505 potestate
877 3427 995 3486 habere.
1015 3434 1091 3487 Tum
1115 3431 1195 3507 quod

155 3532 322 3604 Torquatus
338 3522 503 3599 objecerat,
526 3528 558 3581 L.
572 3523 733 3595 Caecilium,
752 3543 807 3595 ar,
828 3525 915 3583 Sullae
932 3525 1067 3601 fratrem,
1091 3526 1121 3583 in
1134 3528 1196 3604 ejus

154 3623 275 3702 gratiam
299 3622 391 3698 legem
414 3620 491 3677 ferre
512 3619 638 3678 voluisse
660 3620 697 3677 de
719 3619 876 3678 minuenda
901 3620 1067 3680 ambitionis
1091 3643 1193 3700 poena3

153 3722 255 3780 Cicero
272 3718 451 3777 demonstrat
465 3716 541 3774 hanc
563 3717 655 3795 legem
681 3736 790 3796 paucos
813 3718 874 3776 dics
896 3719 1095 3797 propositam,
1124 3721 1195 3778 ferri

153 3831 277 3897 creptam
295 3830 452 3894 numquam
466 3832 548 3885 esse,
566 3834 620 3886 aa,
646 3817 693 3873 23.
716 3816 847 3894 Denique
864 3817 944 3894 quod
965 3822 1133 3895 Torquatus
1156 3840 1194 3878 ex

154 3915 276 3995 epistola
290 3913 437 3973 Ciceronis
448 3911 484 3969 ad
498 3912 669 3991 Pompeium
684 3911 721 3971 de
732 3913 792 3972 suis
810 3913 898 3972 rebus
914 3915 1002 3992 gestis
1018 3916 1126 3993 scripta
1141 3918 1195 3975 cri·

154 4033 220 4071 men
234 4012 353 4088 aliquod
365 4010 395 4067 in
409 4013 439 4066 P.
450 4010 559 4068 Sullam
573 4010 761 4087 quaesiverat,
772 4010 802 4067 id
816 4011 925 4069 nullam
938 4031 1058 4091 prorsus
1071 4012 1129 4070 vim
1144 4014 1195 4073 ha·

153 4109 225 4168 bere
242 4106 384 4178 ostendit,
402 4115 450 4176 at.

193 4211 258 4264 Jam
278 4202 449 4261 criminibus
468 4202 617 4262 dissolutis
639 4203 742 4264 Cicero
759 4204 796 4264 de
815 4206 902 4264 Sullae
924 4207 984 4265 vita
1005 4227 1039 4265 ac
1060 4208 1192 4268 moribus

152 4302 232 4373 dicit,
242 4301 363 4378 ejusque
373 4300 500 4358 animum
512 4300 542 4357 in
552 4287 966 4379 rempublicam,constantiam
977 4304 1053 4375 vitre,
1067 4304 1194 4383 dignita·

154 4413 221 4471 tem,
237 4397 697 4465 liberalitatem,moderationem
714 4399 743 4455 in
758 4400 875 4476 privatis
885 4399 989 4471 rebus,
1004 4401 1192 4479 splendorem

150 4496 181 4553 iu
198 4493 323 4573 publicis
333 4490 493 4564 collaudat,
507 4506 627 4552 excusat
642 4494 728 4554 etiam
742 4496 847 4555 vulnus
861 4495 1046 4556 damnatione
1067 4497 1106 4556 de
1125 4518 1190 4558 am-

151 4592 217 4652 bitu
231 4605 398 4671 acceptum,
413 4591 518 4664 afr-27.
