2686 4800
224 362 270 435 32
361 389 367 400 ·
543 361 592 429 M.
617 359 657 428 T.
683 356 978 428 CICERONIS

221 483 356 583 quibus
377 481 427 553 illi
447 477 609 579 aliquid⁸
628 471 910 576 suspicarentur.
934 481 1019 551 Non
1040 476 1231 577 respoudit
1248 493 1299 552 ta·

218 619 326 682 men,
355 616 428 663 una
457 589 577 663 facere
604 590 750 661 Sullam.
784 590 928 661 Etenim
954 603 1047 661 esset
1076 580 1296 678 absurdum,

220 728 336 802 quum
363 716 502 774 ceteros
537 724 603 772 sua
634 716 765 798 sponte
798 701 1040 797 nominasset,
1070 704 1297 772 mentionem

218 814 324 886 Sullae
347 810 466 883 facere
494 811 668 899 nullam9,
692 811 762 881 nisi
785 809 1012 881 admonitum
1033 823 1069 881 et
1096 812 1299 909 iuterroga-

219 936 311 994 tum.
337 921 414 991 Nisi
445 917 539 991 forte
568 919 762 991 verisimile
784 934 860 1007 est,
889 923 928 990 P.
961 919 1068 992 Sullae
1094 944 1232 991 nomen
1255 924 1298 992 in

218 1033 396 1104 memoria
420 1032 543 1102 Cassio
568 1056 644 1102 uon
672 1027 793 1102 fuisse.
821 1031 858 1102 Si
877 1029 1047 1102 nobilitas
1067 1029 1244 1120 hominis,
1265 1032 1297 1103 si

220 1140 352 1214 afflicta
372 1140 573 1229 fortuna¹⁰,
592 1143 621 1212 si
639 1139 800 1238 reliquiae
826 1142 988 1239 pristinae
1011 1140 1196 1238 dignitatis
1217 1166 1298 1212 non

218 1268 291 1324 tam
310 1251 465 1325 illustres
482 1248 634 1324 fuissent
649 1304 659 1338 ,
677 1265 801 1323 tamen
815 1252 984 1324 Autronii
998 1240 1297 1324 commemoratio

219 1362 433 1432 memoriam
447 1361 553 1431 Sullae
566 1359 757 1432 retulisset.
775 1361 914 1446 Etiam,
930 1375 973 1431 ut
990 1359 1158 1450 arbitror,
1176 1387 1296 1460 quum

219 1471 452 1542 auctoritates
487 1472 694 1568 principum
727 1469 988 1565 conjurationis
1019 1469 1065 1542 ad
1092 1470 1296 1543 incitandos

220 1580 360 1651 animos
380 1577 620 1676 Allobrogum
643 1578 829 1676 colligeret
851 1581 1014 1667 Cassius,
1035 1594 1072 1652 et
1094 1605 1210 1678 quum
1229 1584 1297 1653 sci·

219 1703 292 1777 ret,
311 1702 449 1760 exteras
472 1692 638 1760 nationes
660 1690 811 1761 maxime
830 1688 1019 1761 nobilitate
1040 1691 1196 1781 moveri,
1216 1716 1295 1763 nou

219 1802 321 1900 prius
348 1803 591 1886 Autronium,
616 1823 727 1896 quam
751 1789 887 1870 Sullam
913 1801 1188 1872 nominasset¹¹.
1215 1806 1296 1872 Jam

219 1935 307 1983 vero
325 1908 416 1980 illud
438 1908 586 2006 probari
610 1909 762 1981 minime
787 1923 928 2006 potest,
947 1909 1093 1999 Gallos,
1110 1913 1294 1983 Autronio

218 2022 436 2110 nominato,
467 2034 638 2117 putasse,
673 2034 824 2118 propter
852 2020 1061 2092 calamitatis
1091 2021 1295 2094 similitudi·

219 2156 321 2220 nem,
340 2130 408 2203 sibi
428 2129 566 2228 aliquid
588 2129 633 2203 de
652 2130 750 2202 Sulla
772 2154 850 2202 esse
870 2128 1128 2228 quaerendum3
1151 2133 1293 2220 Cassio,

219 2242 250 2313 si
266 2242 328 2312 hic
352 2256 446 2312 esset
475 2242 514 2310 in
541 2240 671 2313 eodem
697 2239 849 2329 scelere,
873 2265 920 2312 ne
944 2265 1060 2339 quum
1077 2241 1293 2339 appellasset

220 2349 371 2447 quidem
400 2349 639 2437 Autronium,
667 2348 778 2444 hujus
810 2351 849 2419 in
881 2364 1042 2422 mentem
1073 2352 1198 2423 venire
1225 2376 1292 2452 po·

220 2462 343 2531 tuisse.

267 2568 337 2641 Sed
366 2583 487 2640 tamen
517 2566 608 2665 quid
636 2566 826 2666 respondit
854 2567 900 2641 de
928 2569 1025 2641 Sulla
1051 2571 1217 2643 Cassius?
1245 2575 1292 2644 Se

218 2681 357 2751 nescire
372 2687 566 2750 certum¹².
583 2681 665 2750 Non
683 2693 833 2776 purgat,
852 2682 980 2776 inquit.
996 2683 1079 2751 Dixi
1096 2696 1224 2754 antea:
1244 2706 1292 2755 ne

218 2791 250 2863 si
267 2803 436 2885 argueret
460 2786 610 2886 quidem
630 2803 710 2859 tum
732 2789 911 2886 denique,
930 2814 1046 2888 quum
1068 2806 1160 2864 esset
1180 2791 1291 2864 iuter·

219 2912 387 2996 rogatus,
412 2895 449 2967 id
474 2897 565 2967 mihi
590 2898 824 2969 criminosum
851 2897 1047 2971 videretur.
1076 2900 1146 2973 Sed
1166 2924 1236 3000 ego
1250 2905 1290 2973 in

220 3004 396 3081 indiciis¹³
416 3021 452 3079 et
469 3007 507 3077 in
527 3007 787 3104 quaestionibus
805 3032 881 3078 non
893 3008 965 3080 hoc
977 3008 1216 3107 quaerendum
1235 3034 1289 3082 ar·

218 3227 299 3278 socios
312 3226 467 3274 nominasse:
484 3225 624 3272 «Praeterea
640 3223 731 3273 multos
813 3240 854 3274 ro.
879 3224 983 3293 Afflicm
997 3224 1116 3292 fortuna.
1136 3227 1291 3278 Condemna-

218 3309 335 3370 eujusque
344 3304 439 3370 generis
446 3302 575 3362 innoxios,
584 3319 635 3367 quo
644 3303 730 3367 legatis
775 3303 844 3352 dous
853 3305 879 3352 in
886 3306 896 3366 j
900 3304 982 3353 udicio
992 3304 1023 3353 ds
1033 3305 1135 3357 ambitu.

218 3387 312 3436 suimus
324 3384 428 3449 amplior
441 3394 504 3430 esset
513 3404 534 3428 n.
550 3381 652 3430 Illorum
664 3383 730 3431 enim
812 3398 852 3433 rr.
871 3384 1034 3434 Nominasset.
1050 3386 1114 3448 Quis
1123 3385 1202 3445 Sulla,
1214 3386 1291 3452 longo

218 3467 332 3513 intererat
341 3461 431 3510 multos
440 3477 492 3509 csse
501 3461 656 3520 conjuratos,
668 3461 729 3509 Cas·
774 3463 881 3512 nobilior
899 3465 1036 3525 Autronio,
1055 3467 1077 3515 si
1099 3483 1132 3515 ex
1153 3466 1291 3528 conjuratis

218 3547 269 3592 sius
281 3543 357 3606 igitur
368 3557 419 3588 non
430 3540 534 3588 debebat
543 3541 729 3604 eximers,quos
774 3542 867 3606 fuisset,
874 3546 943 3608 prior
952 3546 1074 3595 nominari
1082 3545 1216 3597 debuisset.

218 3623 283 3672 Gslli
294 3623 414 3670 incorum
424 3634 526 3667 numero
543 3634 594 3666 esse
606 3630 729 3683 putarent.
814 3636 854 3672 ra.
865 3626 896 3671 Se
912 3624 1004 3673 nescire
1021 3626 1122 3674 certum.
1135 3627 1206 3676 Csrte
1218 3626 1289 3688 scio,

255 3700 280 3749 8.
299 3702 380 3748 θην.
393 3714 407 3746 s
421 3696 478 3746 cod.
490 3697 582 3745 Erfurt.
593 3697 730 3762 «suspicari
774 3710 841 3748 certo
852 3712 878 3749 et
890 3712 1001 3766 certum
1019 3705 1126 3768 itemque
1140 3714 1234 3753 eertum
1246 3704 1292 3754 bs·

220 3780 359 3829 viderentur
368 3800 391 3826 n.
407 3775 483 3838 Quod
500 3777 564 3824 forts
575 3777 669 3826 aceedit
684 3777 729 3825 sli-
773 3780 820 3827 heo
830 3790 854 3827 st
865 3797 911 3844 pro
922 3792 1002 3842 certo,
1011 3783 1035 3829 in
1049 3783 1133 3831 eadem
1144 3800 1170 3831 rs
1183 3782 1291 3835 dicitur.

217 3870 310 3925 quanto
321 3857 397 3921 magis
409 3857 440 3904 ad
454 3856 558 3905 oratoris
576 3857 728 3905 sententiam.
812 3860 853 3906 13.
872 3858 913 3906 Sic
929 3860 1062 3909 Lambinus
1080 3877 1110 3911 ex
1127 3878 1179 3911 uno
1192 3862 1251 3912 eod.
1262 3874 1291 3913 et

216 3940 232 3987 J
235 3943 281 3987 .V.
295 3941 323 3988 L.
774 3937 913 3997 conjecturs
927 3939 1059 4003 Stephani;
1081 3950 1105 3988 et
1118 3940 1153 3989 sic
1170 3940 1290 3994 Ambms.

252 4034 277 4082 9.
287 4015 434 4065 Mentionem
448 4013 615 4079 Sullaesacere
626 4016 728 4066 nullam.
773 4016 830 4065 cod.
843 4016 874 4063 ab
885 4018 950 4081 Aug.
964 4019 1032 4066 Maio
1046 4019 1172 4080 laudatus,
1186 4036 1214 4086 p.
1227 4022 1290 4079 143.

214 4097 241 4146 si
254 4096 334 4162 reipsa
347 4095 415 4145 Sulla
427 4096 585 4157 coniurasset.
772 4095 846 4160 Vulg.
854 4095 966 4161 judiciis.
980 4097 997 4147 J
999 4133 1005 4146 .
1012 4100 1041 4147 V.
1054 4101 1083 4148 L.
