2686 4800
302 365 498 435 ORATIO
523 365 625 435 PRO
649 366 890 438 P.-SULLA.
1092 380 1156 467 17'

56 512 101 560 ac
133 485 371 586 lugitivorum
401 483 586 575 tumultu;
613 484 768 574 deinde,
796 486 834 560 id
859 487 961 588 quod
979 490 1136 568 vidimus
1201 551 1207 561 ,

56 623 207 686 omnes,
222 594 444 696 lapidatione
462 610 572 692 atque
587 619 777 668 concursu.
793 598 907 687 Sulla,
923 599 953 669 si
965 598 1033 672 sibi
1047 626 1135 676 suus
1166 592 1168 596 ¹

57 706 184 807 pudor
206 731 249 779 ac
278 706 434 802 dignitas
462 730 538 778 non
567 705 775 800 prodesset,
794 706 937 779 nullum
960 710 1135 783 auxilium

56 818 261 916 requisivit.
291 817 358 888 Ille
381 814 571 888 damnatus
593 817 642 888 ita
663 841 703 889 se
731 813 900 915 gerebat,
920 820 1137 893 non-solum

57 929 220 1000 consiliis
239 941 275 1000 et
288 925 538 1014 sermonibus,
556 950 684 998 verum
706 928 814 998 etiam
838 926 1013 1027 adspectu
1025 944 1138 1030 atque

54 1038 182 1128 vultu,
201 1051 245 1108 ut
272 1038 441 1109 inimicus
471 1060 548 1109 esse
576 1038 804 1136 amplissimis
830 1039 1021 1113 ordinuus
1029 1038 1057 1131 ³,
1078 1044 1138 1114 in-

58 1147 176 1221 festus
198 1145 307 1219 bonis
326 1144 515 1233 omnibus,
537 1145 651 1219 hostis
666 1152 790 1247 patriae
803 1147 1000 1222 videretur.
1016 1153 1137 1225 Hicse
1247 1213 1252 1229 .

57 1261 109 1333 ita
133 1258 289 1331 fractum
316 1258 377 1329 illa
398 1256 624 1330 calamitatel
650 1273 760 1356 atque
780 1257 952 1332 afflictum
973 1264 1136 1359 putavit,

59 1384 101 1443 ut
116 1369 209 1441 nihil
229 1367 299 1439 sibi
316 1392 360 1439 ex
374 1370 528 1465 pristina
547 1367 721 1466 dignitate
741 1393 928 1468 superesse
948 1369 1138 1445 arbitrare·

59 1496 131 1567 tur,
155 1481 225 1551 nisi
246 1476 349 1576 quod
368 1476 547 1549 modestia
561 1479 782 1551 retinuisset.
799 1484 874 1551 Hac
891 1504 978 1551 vero
996 1481 1034 1551 in
1052 1505 1138 1552 con·

56 1591 260 1686 juratione,
282 1586 373 1685 quid
381 1602 464 1659 *tam
485 1587 747 1683 conjunctum,
768 1613 879 1686 quam
894 1588 954 1660 ille
968 1613 1052 1662 cum
1065 1593 1134 1663 Ca·

60 1693 178 1787 tilina,
196 1722 281 1770 cum
297 1696 477 1770 Lentulo?
500 1721 582 1794 quae
598 1711 697 1769 tanta
716 1699 867 1770 societas
885 1698 967 1770 ullis
986 1699 1082 1770 inter
1096 1723 1136 1772 se

60 1835 183 1882 rerum
198 1810 441 1905 optimarum,
463 1820 600 1903 quanta
621 1809 655 1878 ei
676 1807 852 1879 cumillis
873 1806 1035 1897 sceleris,
1054 1806 1136 1879 libi·

61 1918 175 2006 dinis,
200 1917 381 1990 audacia?
411 1916 513 2014 quod
542 1916 719 2014 flagitium
748 1918 925 1990 Lentulus
948 1943 1026 1989 non
1049 1943 1140 1990 cum.

61 2032 237 2100 Autronio
270 2026 462 2124 concepit?
491 2025 593 2124 quod
620 2028 698 2098 siue
727 2026 858 2099 eodem
889 2027 957 2099 illo
981 2027 1134 2100 Catilina

62 2136 199 2211 lacinus
214 2136 381 2209 admisit?
397 2140 523 2228 Quum
541 2137 688 2207 interim
703 2135 802 2208 Sulla
816 2160 898 2208 cum
914 2136 1049 2208 eisdem
1061 2136 1134 2211 illis

62 2274 136 2322 non
164 2246 277 2320 modo
304 2261 450 2319 noctem
475 2243 813 2343 solitudinemque⁵
836 2272 912 2318 non
937 2262 1133 2344 quaereret,

61 2359 123 2432 sed
143 2385 193 2432 ne
217 2357 395 2430 mediocri
417 2356 568 2455 quidem
586 2380 754 2429 sermone
774 2371 811 2429 et
827 2379 1024 2454 congressu
1042 2381 1134 2429 con·

59 2469 283 2569 jungeretur.
303 2467 411 2541 Illum
426 2465 661 2564 Allobroges,
681 2467 921 2539 maximarum
933 2491 1058 2538 rerum
1073 2491 1133 2540 ve-

60 2581 191 2653 rissimi
208 2576 365 2665 indices,
379 2578 482 2650 illum
495 2576 697 2648 multorum
710 2577 823 2647 literae
836 2600 877 2647 ac
894 2576 1014 2647 nuntii
1028 2598 1131 2647 coar·

57 2702 243 2788 guerunt:
271 2687 408 2760 Sullam
441 2688 579 2758 interea
611 2710 720 2759 nemo
748 2685 988 2774 insimulavit,
1021 2709 1130 2757 nemo

57 2800 269 2871 nominavit.
282 2801 488 2883 Postremo,
502 2796 616 2892 ejecto
630 2799 704 2868 sive
717 2792 871 2867 emiss0⁶
888 2794 965 2891 jam
978 2818 1024 2865 ex
1037 2791 1129 2867 urbe

55 2909 233 2997 Catilina,
253 2907 316 2979 ille
341 2931 439 2978 arma
457 2907 576 2994 misit,
594 2930 748 2996 cornua,
771 2903 898 2994 tubas,
920 2902 1063 2991 falces⁷‚
1084 2906 1130 2976 si·

55 3044 150 3117 gna,
174 3020 361 3118 legiones;
383 3018 444 3090 ille
468 3017 615 3089 relictus
635 3021 752 3106 intus,
770 3029 998 3116 exspectatus
1022 3013 1128 3103 foris,

54 3130 203 3202 Lentuli
228 3122 369 3229 poena⁸
392 3151 641 3225 compressus,
668 3127 847 3201 convertit
871 3149 909 3197 se
931 3122 1128 3222 aliquando

53 3238 103 3310 ad
127 3244 315 3327 timorem,
336 3259 537 3334 numquam
555 3235 601 3308 ad
622 3239 821 3309 sanitatem.
844 3239 912 3307 Hic
932 3249 1059 3307 contra
1078 3237 1128 3304 ita

53 3355 217 3449 quievit,
243 3365 286 3422 ut
314 3374 358 3421 eo
386 3363 551 3446 tempore
578 3352 679 3420 omni
703 3347 854 3446 Neapoli
881 3343 1034 3435 fuerit93
1061 3343 1127 3417 ubi

91 3558 119 3606 3.
140 3553 302 3618 Amplissimr's
319 3553 452 3602 ordinibus.
473 3552 503 3601 Id
518 3564 566 3613 est,
612 3546 707 3594 Deinde
720 3545 832 3594 emendat
842 3546 901 3593 Ant·
914 3543 1045 3608 Augustin-
1056 3542 1124 3607 apud

51 3634 153 3686 senatui
165 3643 189 3681 et
202 3632 310 3696 equestri
323 3632 413 3681 ordini.
613 3626 667 3674 Ure.
675 3622 1124 3690 rignniegionr's5qmsenimlegionee

90 3725 116 3772 ι.
132 3711 285 3762 munuae.
294 3714 314 3759 1.
324 3728 346 3760 e.
356 3709 568 3759 condemnatione.
612 3706 733 3769 potniaeet
745 3704 882 3752 Autronius
896 3702 1009 3751 mittere?

90 3796 117 3843 5.
134 3793 205 3840 Noct.
218 3789 430 3854 solitudinemque.
441 3793 471 3837 ln
480 3789 569 3852 quibus
649 3789 673 3836 8.
684 3786 783 3834 Lentuli
792 3803 873 3850 poena.
883 3786 913 3833 ld
926 3795 975 3847 est,
990 3783 1123 3848 supplicio.

49 3870 159 3922 consilia
172 3870 203 3918 de
216 3869 383 3929 coniuratione
396 3869 522 3932 agitarent.
613 3865 704 3915 -Ad
723 3865 840 3914 cantorem.
864 3865 946 3929 Coepit
969 3862 1066 3912 tandem
1088 3863 1123 3911 ti·

87 3953 116 4000 o.
136 3949 221 4015 Ejecto
231 3946 280 3996 rive
292 3948 384 3996 emisso.
399 3946 525 3996 Corrcctio
538 3945 570 3995 ad
612 3962 689 4005 mere,
707 3962 758 3993 non
771 3949 898 4010 poenitere.

50 4029 180 4079 sitandan
192 4027 319 4078 iuvidiam.
646 4042 670 4087 9.
690 4025 798 4090 Neapoli
812 4022 902 4089 suerit.
924 4021 1035 4087 Ignobile
1061 4032 1121 4070 tuno

89 4102 565 4172 7.Al.oodd.lul›entfascea,·el.faees.
611 4102 1121 4170 eratmunieipinm,adrolnptntes,lantum

153 4197 355 4272 1V.Cic.para
368 4205 478 4256 nemu.
985 4214 1005 4258 2
