2686 4800
228 373 269 419 ro
540 352 589 418 Μ.
616 352 654 417 Τ.
682 351 965 421 CICERONIS

224 463 438 564 Quid'enim
460 488 534 560 est,
557 471 797 572 quamobrem
822 473 887 546 abs
913 489 948 545 te
974 477 1018 566 Q.
1043 478 1225 548 Hortensii
1249 478 1298 551 fa·

222 585 378 678 ctum²⁸‚
398 589 582 662 clarissimi
610 591 676 659 viri
702 604 813 686 atque
842 590 1061 660 ornatissimi
1086 592 1192 677 civis,
1219 619 1297 666 non

219 699 521 798 reprehendatur,
537 699 827 799 reprebendatur
842 701 992 772 meum?
1008 705 1100 774 Nam
1115 707 1145 773 si
1163 706 1297 776 initum

219 825 275 882 est
293 811 485 882 consilium
503 834 525 881 a
543 814 582 881 P.
599 811 701 882 Sulla
714 810 980 882 inflammandae
998 813 1167 900 civitatis,
1186 814 1298 910 hujus

217 920 474 1018 exstinguendi
492 922 655 1018 imperii,
676 920 839 993 deiendae
859 921 991 1010 Urbis,
1008 922 1099 993 mihi
1121 925 1298 1018 majorem

220 1033 275 1103 hai
302 1057 361 1103 res
384 1030 549 1103 dolorem
559 1042 609 1115 ²9,
625 1056 742 1129 ‘quam
768 1033 814 1120 Q.
835 1034 1049 1118 Hortensio,
1073 1032 1161 1102 mihi
1180 1035 1299 1130 majus

218 1143 345 1214 odium
376 1141 506 1214 afferre
534 1141 695 1214 debent?
722 1167 845 1215 meum
869 1141 1029 1239 denique
1051 1146 1194 1240 gravius
1220 1169 1298 1216 esse

216 1254 395 1352 judicium
406 1251 451 1340 ³⁰,
470 1256 535 1352 qui
554 1253 780 1349 adjuvandus
799 1257 838 1324 in
860 1253 916 1324 bis
936 1255 1072 1341 causiS,
1089 1255 1153 1350 qui
1175 1279 1297 1354 oppu-

219 1363 409 1460 gnandus,
442 1366 506 1460 qui
532 1362 804 1452 defendendus,
829 1365 896 1462 qui
922 1363 1188 1436 deserendus³¹
1219 1391 1298 1438 esse

219 1473 409 1546 videatur?

268 1590 314 1658 ΙΙ.
335 1589 408 1668 lta,
431 1587 572 1682 inquit:
592 1600 634 1656 tu
651 1586 750 1656 eiiim
771 1587 1014 1682 investigasti,
1037 1600 1077 1656 tu
1096 1583 1298 1682 patefecisti

219 1697 523 1792 conjurationem.
539 1694 652 1786 Quod
669 1720 786 1792 quum
799 1695 906 1781 dicit,
921 1719 996 1766 non
1008 1694 1181 1781 attendit,
1198 1720 1297 1777 eum,

219 1809 284 1903 qui
303 1805 530 1904 patefecerit,
557 1806 627 1878 boc
654 1830 819 1892 curasse,
839 1821 881 1877 ut
897 1806 933 1877 id
960 1831 1088 1877 omnes
1107 1805 1297 1893 viderent,

218 1915 321 2014 quod
342 1930 447 1988 antea
468 1915 594 1990 fuisset
614 1916 813 1989 occultum.
835 1919 957 2008 Quare
980 1921 1049 1989 ista
1069 1917 1298 2013 conjuratio,

218 2029 248 2098 si
271 2025 447 2124 patefacta
467 2054 534 2128 per
555 2053 613 2100 me
632 2043 705 2116 est,
724 2043 798 2101 tam
823 2042 923 2126 patet
947 2032 1164 2112 Hortensio,
1185 2052 1309 2125 quam.

220 2137 319 2208 mibi.
339 2141 461 2229 Quem
478 2164 595 2236 quum
617 2138 758 2229 videas,
783 2139 854 2210 boc
877 2138 1298 2232 honore„auctoritate,

218 2249 372 2333 virtute,
394 2250 545 2320 consilio
563 2249 776 2347 praeditum,
800 2275 875 2321 non
901 2247 1105 2337 dubitasse,
1127 2254 1217 2348 quin
1239 2251 1297 2320 in-

219 2373 415 2430 nocentem
445 2365 480 2431 P.
510 2360 645 2431 Sullam
673 2359 912 2432 defenderet:
943 2385 1090 2457 quaero,
1120 2385 1206 2449 cur,
1232 2364 1299 2458 qui

220 2467 340 2541 aditus
357 2470 402 2542 ad
417 2495 559 2542 causam
578 2471 772 2542 Hortensio
786 2471 960 2567 patuerit,
976 2470 1064 2544 mihi
1078 2471 1298 2544 interclusus

222 2603 300 2652 esse
313 2578 490 2652 debuerit.
506 2583 638 2672 Quaero
657 2579 745 2651 illud
766 2583 874 2652 etiam
886 2640 895 2667 ,
908 2584 938 2653 si
952 2606 1029 2671 me,
1049 2583 1113 2679 qui
1124 2581 1296 2672 defendo,

222 2689 566 2789 reprehendendum
598 2703 704 2787 putas
735 2716 832 2778 esse,
865 2690 953 2789 quid
988 2692 1135 2763 tandem
1166 2691 1213 2764 de
1241 2691 1297 2762 his

222 2802 405 2873 existimes
419 2803 571 2873 summis
585 2803 670 2872 viris
684 2817 720 2873 et
738 2803 941 2873 clarissimis
960 2801 1118 2890 civibus,
1135 2828 1295 2899 quorum

216 2911 345 2984 'studio
373 2928 410 2984 et
437 2909 611 3010 dignitate
637 2912 811 2985 celebrari
835 2913 907 2985 hoc
930 2912 1108 3008 J'udicium
1121 2923 1147 3000 ¹,
1172 2917 1298 2986 ornari

223 3047 384 3111 causam,
403 3021 550 3096 defendi
568 3023 678 3120 hujus
700 3025 946 3118 innocentiam
965 3022 1077 3096 vides.
1097 3026 1181 3095 Non
1197 3026 1297 3095 enim

258 3301 302 3347 28.
317 3301 348 3364 Q.
370 3299 492 3346 Hortensii
503 3296 613 3363 sactum.
635 3297 665 3344 Id
686 3308 735 3360 est,
778 3295 966 3358 ra,utJ'ndieem
975 3294 1175 3359 quemadjuvare
1183 3294 1298 3353 debean,

224 3378 428 3430 sulmonense,
441 3377 621 3427 -Clarissimi
632 3377 734 3426 eu'tt‘ata
778 3392 852 3440 quem
872 3391 1028 3441 oppugnare,
1053 3390 1128 3436 quem
1145 3373 1297 3437 defendere,

223 3476 272 3524 que
280 3458 432 3507 ornatissimi
440 3458 506 3508 civit.
524 3460 606 3507 ὕην.
620 3457 733 3505 telaria.
778 3471 852 3519 quem
870 3455 988 3505 deterere.
1000 3481 1036 3494 -
1050 3455 1081 3500 In
1101 3452 1138 3501 iiis
1155 3453 1248 3502 musis.
1259 3456 1298 3503 De

220 3548 295 3602 atque
307 3554 361 3587 orn.
373 3539 449 3588 viri».
779 3536 957 3596 conjuratione.

259 3633 303 3681 ²9·
313 3617 378 3666 Mitt
389 3618 505 3683 majorem
519 3615 559 3664 1·ae
569 3632 609 3664 m
618 3615 735 3664 dolorem.
816 3617 858 3662 31.
871 3614 1032 3664 Desmadau.
1047 3614 1077 3661 ld
1091 3624 1140 3671 ast,
1148 3629 1202 3662 non
1211 3612 1299 3662 desen·

169 3690 171 3694 ’
224 3697 288 3760 Quia
301 3697 389 3746 conani
403 3697 430 3744 in
443 3698 510 3745 cives
522 3697 613 3760 inpios
624 3694 735 3744 animati·
780 3692 884 3742 densius.
901 3696 1023 3742 Patronus
1038 3695 1103 3740 enim
1120 3691 1220 3740 deserit.
1236 3694 1301 3741 Hoc

224 3778 299 3836 vertl,
311 3788 336 3825 et
349 3776 421 3839 hujus
433 3776 552 3841 puniendi
561 3774 670 3824 criminis
678 3791 735 3822 cura
779 3772 855 3821 verba
866 3789 920 3821 non
932 3772 1048 3836 leguntur
1060 3773 1087 3819 in
1097 3771 1163 3820 Pith.
1173 3768 1232 3819 eod.

222 3857 299 3920 magis
320 3855 351 3903 sd
372 3871 423 3914 me,
443 3872 517 3921 quam
537 3856 568 3904 nd
589 3871 735 3920 quemquam
815 3854 849 3901 11.
866 3870 890 3904 r.
907 3852 1028 3902 celebrati
1040 3853 1087 3899 boe
1098 3850 1231 3916 judiciem.
1245 3852 1300 3899 Ve-

221 3935 296 3984 alinm
309 3936 420 4000 pertinet.
780 3945 867 3983 nerant
877 3949 929 3982 non
944 3943 973 3980 ut
985 3930 1084 3997 patroni
1098 3930 1301 3987 canumnoturi,

257 4017 300 4064 30.
313 4015 418 4063 Gravius
431 4032 482 4063 esse
493 4015 625 4081 judicium.
642 4013 672 4061 td
685 4024 735 4073 est,
780 4014 823 4062 red
836 4026 864 4062 ut
875 4014 1005 4073 advocati,
1014 4029 1083 4061 reum
1098 4027 1141 4060 sua
1153 4011 1303 4075 presentia,

222 4113 281 4144 num
291 4095 351 4144 inihi
364 4098 462 4160 gravior
471 4094 635 4160 impendenda
645 4103 682 4142 ert
695 4108 737 4140 eu·
780 4110 872 4158 suaque
886 4094 1030 4142 sonoritate
1046 4091 1207 4141 sublevatum.
