<?xml version="1.0" encoding="UTF-8"?>
<!DOCTYPE html PUBLIC "-//W3C//DTD XHTML 1.0 Transitional//EN"
    "http://www.w3.org/TR/xhtml1/DTD/xhtml1-transitional.dtd">
<html xmlns="http://www.w3.org/1999/xhtml" xml:lang="en" lang="en">
 <head>
  <title>
</title>
<meta http-equiv="Content-Type" content="text/html;charset=utf-8" />
  <meta name='ocr-system' content='tesseract 3.04.00' />
  <meta name='ocr-capabilities' content='ocr_page ocr_carea ocr_par ocr_line ocrx_word'/>
</head>
<body>
  <div class='ocr_page' id='page_1' title='image "bibliothecaclas62lemagoog_0042.png"; bbox 0 0 2670 5250; ppageno 0'>
   <div class='ocr_carea' id='block_1_1' title="bbox 77 4 1329 388">
    <p class='ocr_par' dir='ltr' id='par_1_1' title="bbox 77 4 1329 388">
     <span class='ocr_line' id='line_1_1' title="bbox 77 4 1329 388; baseline -0.008 -2"><span class='ocrx_word' id='word_1_1' title='bbox 77 4 1329 388; x_wconf 95' lang='lat'><em>-</em></span> 
     </span>
    </p>
   </div>
   <div class='ocr_carea' id='block_1_2' title="bbox 225 816 970 893">
    <p class='ocr_par' dir='ltr' id='par_1_2' title="bbox 225 816 970 893">
     <span class='ocr_line' id='line_1_2' title="bbox 225 816 970 893; baseline -0.004 -4"><span class='ocrx_word' id='word_1_2' title='bbox 225 818 269 889; x_wconf 88' lang='lat'><strong>18</strong></span> <span class='ocrx_word' id='word_1_3' title='bbox 460 884 464 893; x_wconf 86' lang='grc'><em>,</em></span> <span class='ocrx_word' id='word_1_4' title='bbox 542 818 592 887; x_wconf 87' lang='grc' dir='ltr'><strong>Μ.</strong></span> <span class='ocrx_word' id='word_1_5' title='bbox 618 817 658 889; x_wconf 90' lang='grc' dir='ltr'><strong>Τ.</strong></span> <span class='ocrx_word' id='word_1_6' title='bbox 684 816 970 891; x_wconf 80' lang='lat' dir='ltr'>CICERONIS</span> 
     </span>
    </p>
   </div>
   <div class='ocr_carea' id='block_1_3' title="bbox 215 934 1296 4454">
    <p class='ocr_par' dir='ltr' id='par_1_3' title="bbox 218 934 1296 1348">
     <span class='ocr_line' id='line_1_3' title="bbox 220 934 1294 1041; baseline 0 -26"><span class='ocrx_word' id='word_1_7' title='bbox 220 965 341 1039; x_wconf 85' lang='lat' dir='ltr'><strong>neque</strong></span> <span class='ocrx_word' id='word_1_8' title='bbox 360 939 526 1013; x_wconf 80' lang='lat' dir='ltr'><strong>homines</strong></span> <span class='ocrx_word' id='word_1_9' title='bbox 551 936 662 1015; x_wconf 84' lang='lat' dir='ltr'><strong>fuisse</strong></span> <span class='ocrx_word' id='word_1_10' title='bbox 685 953 863 1038; x_wconf 84' lang='lat' dir='ltr'><strong>putantur</strong></span> <span class='ocrx_word' id='word_1_11' title='bbox 887 936 998 1033; x_wconf 86' lang='lat' dir='ltr'><strong>hujus</strong></span> <span class='ocrx_word' id='word_1_12' title='bbox 1025 934 1157 1013; x_wconf 87' lang='lat' dir='ltr'><strong>affines</strong></span> <span class='ocrx_word' id='word_1_13' title='bbox 1174 945 1294 1041; x_wconf 83' lang='lat' dir='ltr'><strong>suspi-</strong></span> 
     </span>
     <span class='ocr_line' id='line_1_4' title="bbox 220 1044 1296 1147; baseline 0.001 -22"><span class='ocrx_word' id='word_1_14' title='bbox 220 1053 357 1140; x_wconf 87' lang='lat' dir='ltr'><strong>cionis;</strong></span> <span class='ocrx_word' id='word_1_15' title='bbox 376 1065 413 1122; x_wconf 89' lang='lat' dir='ltr'><strong>et</strong></span> <span class='ocrx_word' id='word_1_16' title='bbox 434 1050 537 1123; x_wconf 90' lang='lat' dir='ltr'><strong>locus</strong></span> <span class='ocrx_word' id='word_1_17' title='bbox 564 1063 620 1123; x_wconf 88' lang='lat' dir='ltr'><strong>est</strong></span> <span class='ocrx_word' id='word_1_18' title='bbox 643 1052 722 1147; x_wconf 87' lang='lat' dir='ltr'><strong>ipse</strong></span> <span class='ocrx_word' id='word_1_19' title='bbox 748 1074 824 1123; x_wconf 90' lang='lat' dir='ltr'><strong>non</strong></span> <span class='ocrx_word' id='word_1_20' title='bbox 849 1062 923 1123; x_wconf 88' lang='lat' dir='ltr'><strong>tam</strong></span> <span class='ocrx_word' id='word_1_21' title='bbox 947 1044 994 1119; x_wconf 90' lang='lat' dir='ltr'><strong>ad</strong></span> <span class='ocrx_word' id='word_1_22' title='bbox 1011 1046 1296 1127; x_wconf 80' lang='lat' dir='ltr'><strong>inflammandos</strong></span> 
     </span>
     <span class='ocr_line' id='line_1_5' title="bbox 219 1156 1294 1258; baseline -0.001 -21"><span class='ocrx_word' id='word_1_23' title='bbox 219 1161 512 1237; x_wconf 78' lang='lat' dir='ltr'><strong>calamitosorum</strong></span> <span class='ocrx_word' id='word_1_24' title='bbox 525 1168 557 1204; x_wconf 87' lang='lat'><strong>¹⁰</strong></span> <span class='ocrx_word' id='word_1_25' title='bbox 579 1162 738 1248; x_wconf 89' lang='lat' dir='ltr'><strong>animos,</strong></span> <span class='ocrx_word' id='word_1_26' title='bbox 764 1183 876 1258; x_wconf 88' lang='lat' dir='ltr'><strong>quam</strong></span> <span class='ocrx_word' id='word_1_27' title='bbox 898 1156 945 1231; x_wconf 90' lang='lat' dir='ltr'><strong>ad</strong></span> <span class='ocrx_word' id='word_1_28' title='bbox 968 1159 1213 1235; x_wconf 86' lang='lat' dir='ltr'><strong>consolandos</strong></span> <span class='ocrx_word' id='word_1_29' title='bbox 1234 1186 1294 1236; x_wconf 84' lang='lat' dir='ltr'><strong>ae·</strong></span> 
     </span>
     <span class='ocr_line' id='line_1_6' title="bbox 218 1272 481 1348; baseline -0.027 0"><span class='ocrx_word' id='word_1_30' title='bbox 218 1272 481 1348; x_wconf 82' lang='lat' dir='ltr'><strong>commodatus.</strong></span> 
     </span>
    </p>

    <p class='ocr_par' dir='ltr' id='par_1_4' title="bbox 215 1376 1296 3590">
     <span class='ocr_line' id='line_1_7' title="bbox 267 1376 1295 1479; baseline -0.004 -22"><span class='ocrx_word' id='word_1_31' title='bbox 267 1387 328 1457; x_wconf 88' lang='lat' dir='ltr'><strong>vl.</strong></span> <span class='ocrx_word' id='word_1_32' title='bbox 360 1386 511 1479; x_wconf 84' lang='lat' dir='ltr'><strong>Propter</strong></span> <span class='ocrx_word' id='word_1_33' title='bbox 534 1377 629 1453; x_wconf 88' lang='lat' dir='ltr'><strong>hanc</strong></span> <span class='ocrx_word' id='word_1_34' title='bbox 655 1378 765 1476; x_wconf 87' lang='lat' dir='ltr'><strong>igitur</strong></span> <span class='ocrx_word' id='word_1_35' title='bbox 791 1391 931 1449; x_wconf 85' lang='lat' dir='ltr'><strong>tantam</strong></span> <span class='ocrx_word' id='word_1_36' title='bbox 959 1376 1295 1453; x_wconf 82' lang='lat' dir='ltr'><strong>dissimilitudinem</strong></span> 
     </span>
     <span class='ocr_line' id='line_1_8' title="bbox 217 1487 1296 1592; baseline 0 -25"><span class='ocrx_word' id='word_1_37' title='bbox 217 1492 411 1567; x_wconf 88' lang='lat' dir='ltr'><strong>hominum</strong></span> <span class='ocrx_word' id='word_1_38' title='bbox 426 1503 537 1586; x_wconf 88' lang='lat' dir='ltr'><strong>atque</strong></span> <span class='ocrx_word' id='word_1_39' title='bbox 555 1513 764 1577; x_wconf 86' lang='lat' dir='ltr'><strong>causarum,</strong></span> <span class='ocrx_word' id='word_1_40' title='bbox 780 1487 989 1560; x_wconf 82' lang='lat' dir='ltr'><strong>dissimilem</strong></span> <span class='ocrx_word' id='word_1_41' title='bbox 1004 1512 1063 1563; x_wconf 91' lang='lat' dir='ltr'><strong>me</strong></span> <span class='ocrx_word' id='word_1_42' title='bbox 1079 1491 1119 1563; x_wconf 93' lang='lat' dir='ltr'><strong>in</strong></span> <span class='ocrx_word' id='word_1_43' title='bbox 1132 1507 1296 1592; x_wconf 83' lang='lat' dir='ltr'><strong>utruque</strong></span> 
     </span>
     <span class='ocr_line' id='line_1_9' title="bbox 216 1597 1296 1702; baseline 0.002 -25"><span class='ocrx_word' id='word_1_44' title='bbox 216 1601 367 1702; x_wconf 81' lang='lat' dir='ltr'><strong>praebui.</strong></span> <span class='ocrx_word' id='word_1_45' title='bbox 384 1597 564 1675; x_wconf 80' lang='lat' dir='ltr'><strong>Veniebat</strong></span> <span class='ocrx_word' id='word_1_46' title='bbox 582 1601 680 1673; x_wconf 89' lang='lat' dir='ltr'><strong>enim</strong></span> <span class='ocrx_word' id='word_1_47' title='bbox 698 1597 745 1671; x_wconf 92' lang='lat' dir='ltr'><strong>ad</strong></span> <span class='ocrx_word' id='word_1_48' title='bbox 761 1623 839 1687; x_wconf 90' lang='lat' dir='ltr'><strong>me,</strong></span> <span class='ocrx_word' id='word_1_49' title='bbox 856 1613 893 1672; x_wconf 90' lang='lat' dir='ltr'><strong>et</strong></span> <span class='ocrx_word' id='word_1_50' title='bbox 909 1622 1004 1696; x_wconf 84' lang='lat' dir='ltr'><strong>saepe</strong></span> <span class='ocrx_word' id='word_1_51' title='bbox 1021 1600 1202 1691; x_wconf 81' lang='lat' dir='ltr'><strong>veniebat,</strong></span> <span class='ocrx_word' id='word_1_52' title='bbox 1219 1608 1296 1679; x_wconf 79' lang='lat' dir='ltr'><strong>Au·</strong></span> 
     </span>
     <span class='ocr_line' id='line_1_10' title="bbox 217 1707 1295 1807; baseline -0.001 -19"><span class='ocrx_word' id='word_1_53' title='bbox 217 1715 382 1800; x_wconf 89' lang='lat' dir='ltr'><strong>tronius,</strong></span> <span class='ocrx_word' id='word_1_54' title='bbox 401 1711 528 1783; x_wconf 88' lang='lat' dir='ltr'><strong>multis</strong></span> <span class='ocrx_word' id='word_1_55' title='bbox 546 1734 631 1785; x_wconf 91' lang='lat' dir='ltr'><strong>cum</strong></span> <span class='ocrx_word' id='word_1_56' title='bbox 652 1708 837 1806; x_wconf 79' lang='lat' dir='ltr'><strong>lacrymis,</strong></span> <span class='ocrx_word' id='word_1_57' title='bbox 855 1707 1031 1807; x_wconf 82' lang='lat' dir='ltr'><strong>supplex,</strong></span> <span class='ocrx_word' id='word_1_58' title='bbox 1048 1724 1092 1782; x_wconf 92' lang='lat' dir='ltr'><strong>ut</strong></span> <span class='ocrx_word' id='word_1_59' title='bbox 1108 1734 1148 1783; x_wconf 90' lang='lat' dir='ltr'><strong>se</strong></span> <span class='ocrx_word' id='word_1_60' title='bbox 1166 1710 1295 1787; x_wconf 82' lang='lat' dir='ltr'><strong>defen·</strong></span> 
     </span>
     <span class='ocr_line' id='line_1_11' title="bbox 217 1815 1294 1915; baseline -0.003 -18"><span class='ocrx_word' id='word_1_61' title='bbox 217 1824 362 1912; x_wconf 89' lang='lat' dir='ltr'><strong>derem;</strong></span> <span class='ocrx_word' id='word_1_62' title='bbox 384 1836 421 1895; x_wconf 88' lang='lat' dir='ltr'><strong>et</strong></span> <span class='ocrx_word' id='word_1_63' title='bbox 434 1845 473 1893; x_wconf 87' lang='lat' dir='ltr'><strong>se</strong></span> <span class='ocrx_word' id='word_1_64' title='bbox 487 1844 611 1892; x_wconf 87' lang='lat' dir='ltr'><strong>meum</strong></span> <span class='ocrx_word' id='word_1_65' title='bbox 630 1815 921 1915; x_wconf 89' lang='lat' dir='ltr'><strong>condiscipulum</strong></span> <span class='ocrx_word' id='word_1_66' title='bbox 937 1819 977 1889; x_wconf 92' lang='lat' dir='ltr'><strong>in</strong></span> <span class='ocrx_word' id='word_1_67' title='bbox 993 1821 1169 1915; x_wconf 85' lang='lat' dir='ltr'><strong>pueritia,</strong></span> <span class='ocrx_word' id='word_1_68' title='bbox 1184 1820 1294 1893; x_wconf 86' lang='lat' dir='ltr'><strong>fami-</strong></span> 
     </span>
     <span class='ocr_line' id='line_1_12' title="bbox 216 1928 1295 2027; baseline -0.003 -20"><span class='ocrx_word' id='word_1_69' title='bbox 216 1935 343 2009; x_wconf 88' lang='lat' dir='ltr'><strong>liarem</strong></span> <span class='ocrx_word' id='word_1_70' title='bbox 372 1934 411 2004; x_wconf 94' lang='lat' dir='ltr'><strong>in</strong></span> <span class='ocrx_word' id='word_1_71' title='bbox 436 1930 698 2018; x_wconf 85' lang='lat' dir='ltr'><strong>adolescentia,</strong></span> <span class='ocrx_word' id='word_1_72' title='bbox 727 1928 902 2027; x_wconf 85' lang='lat' dir='ltr'><strong>collegam</strong></span> <span class='ocrx_word' id='word_1_73' title='bbox 927 1929 967 2001; x_wconf 89' lang='lat' dir='ltr'><strong>in</strong></span> <span class='ocrx_word' id='word_1_74' title='bbox 992 1944 1175 2026; x_wconf 80' lang='lat' dir='ltr'><strong>quaestura</strong></span> <span class='ocrx_word' id='word_1_75' title='bbox 1194 1956 1295 2005; x_wconf 90' lang='lat' dir='ltr'><strong>com·</strong></span> 
     </span>
     <span class='ocr_line' id='line_1_13' title="bbox 216 2039 1295 2127; baseline 0 -10"><span class='ocrx_word' id='word_1_76' title='bbox 216 2040 444 2117; x_wconf 86' lang='lat' dir='ltr'><strong>memorabat</strong></span> <span class='ocrx_word' id='word_1_77' title='bbox 464 2039 591 2125; x_wconf 78' lang='lat' dir='ltr'><strong>fuisse3</strong></span> <span class='ocrx_word' id='word_1_78' title='bbox 612 2039 727 2112; x_wconf 85' lang='lat' dir='ltr'><strong>multa</strong></span> <span class='ocrx_word' id='word_1_79' title='bbox 749 2063 829 2111; x_wconf 88' lang='lat' dir='ltr'><strong>mea</strong></span> <span class='ocrx_word' id='word_1_80' title='bbox 846 2039 885 2109; x_wconf 91' lang='lat' dir='ltr'><strong>in</strong></span> <span class='ocrx_word' id='word_1_81' title='bbox 905 2061 961 2127; x_wconf 86' lang='lat' dir='ltr'><strong>se,</strong></span> <span class='ocrx_word' id='word_1_82' title='bbox 983 2039 1161 2113; x_wconf 88' lang='lat' dir='ltr'><strong>nonnulla</strong></span> <span class='ocrx_word' id='word_1_83' title='bbox 1181 2043 1295 2117; x_wconf 82' lang='lat' dir='ltr'><strong>etiam</strong></span> 
     </span>
     <span class='ocr_line' id='line_1_14' title="bbox 216 2146 1294 2249; baseline 0 -24"><span class='ocrx_word' id='word_1_84' title='bbox 216 2177 282 2225; x_wconf 86' lang='lat' dir='ltr'><strong>sua</strong></span> <span class='ocrx_word' id='word_1_85' title='bbox 302 2152 341 2223; x_wconf 91' lang='lat' dir='ltr'><strong>in</strong></span> <span class='ocrx_word' id='word_1_86' title='bbox 362 2174 422 2221; x_wconf 89' lang='lat' dir='ltr'><strong>me</strong></span> <span class='ocrx_word' id='word_1_87' title='bbox 442 2146 650 2247; x_wconf 77' lang='lat' dir='ltr'><strong>proferebat</strong></span> <span class='ocrx_word' id='word_1_88' title='bbox 668 2146 799 2221; x_wconf 88' lang='lat' dir='ltr'><strong>officia.</strong></span> <span class='ocrx_word' id='word_1_89' title='bbox 823 2146 970 2239; x_wconf 87' lang='lat' dir='ltr'><strong>Quibus</strong></span> <span class='ocrx_word' id='word_1_90' title='bbox 987 2172 1055 2245; x_wconf 87' lang='lat' dir='ltr'><strong>ego</strong></span> <span class='ocrx_word' id='word_1_91' title='bbox 1076 2149 1209 2241; x_wconf 88' lang='lat' dir='ltr'><strong>rebus,</strong></span> <span class='ocrx_word' id='word_1_92' title='bbox 1229 2153 1294 2249; x_wconf 82' lang='lat' dir='ltr'><strong>ju·</strong></span> 
     </span>
     <span class='ocr_line' id='line_1_15' title="bbox 215 2256 1295 2356; baseline 0 -21"><span class='ocrx_word' id='word_1_93' title='bbox 215 2259 335 2347; x_wconf 89' lang='lat' dir='ltr'><strong>dices,</strong></span> <span class='ocrx_word' id='word_1_94' title='bbox 351 2261 402 2334; x_wconf 86' lang='lat' dir='ltr'><strong>ita</strong></span> <span class='ocrx_word' id='word_1_95' title='bbox 420 2257 591 2333; x_wconf 87' lang='lat' dir='ltr'><strong>flectebar</strong></span> <span class='ocrx_word' id='word_1_96' title='bbox 611 2258 733 2331; x_wconf 87' lang='lat' dir='ltr'><strong>animo</strong></span> <span class='ocrx_word' id='word_1_97' title='bbox 756 2273 868 2356; x_wconf 86' lang='lat' dir='ltr'><strong>atque</strong></span> <span class='ocrx_word' id='word_1_98' title='bbox 893 2256 1097 2356; x_wconf 74' lang='lat' dir='ltr'><strong>frangebar,</strong></span> <span class='ocrx_word' id='word_1_99' title='bbox 1120 2275 1163 2332; x_wconf 92' lang='lat' dir='ltr'><strong>ut</strong></span> <span class='ocrx_word' id='word_1_100' title='bbox 1181 2263 1295 2335; x_wconf 88' lang='lat' dir='ltr'><strong>etiam</strong></span> 
     </span>
     <span class='ocr_line' id='line_1_16' title="bbox 216 2364 1295 2472; baseline 0 -27"><span class='ocrx_word' id='word_1_101' title='bbox 216 2396 263 2445; x_wconf 85' lang='lat' dir='ltr'><strong>ex</strong></span> <span class='ocrx_word' id='word_1_102' title='bbox 280 2371 472 2457; x_wconf 86' lang='lat' dir='ltr'><strong>memoria,</strong></span> <span class='ocrx_word' id='word_1_103' title='bbox 492 2393 583 2466; x_wconf 87' lang='lat' dir='ltr'><strong>quas</strong></span> <span class='ocrx_word' id='word_1_104' title='bbox 605 2367 696 2441; x_wconf 92' lang='lat' dir='ltr'><strong>mihi</strong></span> <span class='ocrx_word' id='word_1_105' title='bbox 718 2370 788 2466; x_wconf 91' lang='lat' dir='ltr'><strong>ipsi</strong></span> <span class='ocrx_word' id='word_1_106' title='bbox 813 2364 970 2439; x_wconf 82' lang='lat' dir='ltr'><strong>fecerat¹</strong></span> <span class='ocrx_word' id='word_1_107' title='bbox 989 2368 1159 2457; x_wconf 79' lang='lat' dir='ltr'><strong>insidias,</strong></span> <span class='ocrx_word' id='word_1_108' title='bbox 1178 2369 1295 2472; x_wconf 90' lang='lat' dir='ltr'><strong>depo-</strong></span> 
     </span>
     <span class='ocr_line' id='line_1_17' title="bbox 215 2476 1296 2575; baseline -0.001 -19"><span class='ocrx_word' id='word_1_109' title='bbox 215 2505 361 2570; x_wconf 81' lang='lat' dir='ltr'><strong>nerem3</strong></span> <span class='ocrx_word' id='word_1_110' title='bbox 386 2495 428 2552; x_wconf 93' lang='lat' dir='ltr'><strong>ut</strong></span> <span class='ocrx_word' id='word_1_111' title='bbox 445 2481 520 2575; x_wconf 86' lang='lat' dir='ltr'><strong>jam</strong></span> <span class='ocrx_word' id='word_1_112' title='bbox 542 2482 744 2551; x_wconf 90' lang='lat' dir='ltr'><strong>immissum</strong></span> <span class='ocrx_word' id='word_1_113' title='bbox 762 2502 839 2551; x_wconf 87' lang='lat' dir='ltr'><strong>esse</strong></span> <span class='ocrx_word' id='word_1_114' title='bbox 864 2476 910 2551; x_wconf 91' lang='lat' dir='ltr'><strong>ab</strong></span> <span class='ocrx_word' id='word_1_115' title='bbox 931 2503 976 2550; x_wconf 89' lang='lat' dir='ltr'><strong>eo</strong></span> <span class='ocrx_word' id='word_1_116' title='bbox 998 2484 1039 2551; x_wconf 88' lang='lat' dir='ltr'><strong>C.</strong></span> <span class='ocrx_word' id='word_1_117' title='bbox 1061 2479 1296 2571; x_wconf 87' lang='lat' dir='ltr'><strong>Cornelium,</strong></span> 
     </span>
     <span class='ocr_line' id='line_1_18' title="bbox 216 2588 1293 2688; baseline 0 -23"><span class='ocrx_word' id='word_1_118' title='bbox 216 2593 283 2688; x_wconf 90' lang='lat' dir='ltr'><strong>qui</strong></span> <span class='ocrx_word' id='word_1_119' title='bbox 309 2615 368 2663; x_wconf 87' lang='lat' dir='ltr'><strong>me</strong></span> <span class='ocrx_word' id='word_1_120' title='bbox 391 2592 453 2661; x_wconf 73' lang='lat' dir='ltr'><strong>in²</strong></span> <span class='ocrx_word' id='word_1_121' title='bbox 476 2588 623 2664; x_wconf 86' lang='lat' dir='ltr'><strong>sedibus</strong></span> <span class='ocrx_word' id='word_1_122' title='bbox 642 2590 751 2676; x_wconf 86' lang='lat' dir='ltr'><strong>meis,</strong></span> <span class='ocrx_word' id='word_1_123' title='bbox 779 2591 818 2659; x_wconf 91' lang='lat' dir='ltr'><strong>in</strong></span> <span class='ocrx_word' id='word_1_124' title='bbox 840 2604 1041 2687; x_wconf 87' lang='lat' dir='ltr'><strong>conspectu</strong></span> <span class='ocrx_word' id='word_1_125' title='bbox 1057 2593 1183 2663; x_wconf 81' lang='lat' dir='ltr'><strong>uxoris</strong></span> <span class='ocrx_word' id='word_1_126' title='bbox 1201 2616 1293 2666; x_wconf 85' lang='lat' dir='ltr'><strong>meae</strong></span> 
     </span>
     <span class='ocr_line' id='line_1_19' title="bbox 216 2696 1292 2792; baseline 0.002 -19"><span class='ocrx_word' id='word_1_127' title='bbox 216 2724 258 2773; x_wconf 90' lang='lat' dir='ltr'><strong>ac</strong></span> <span class='ocrx_word' id='word_1_128' title='bbox 282 2698 484 2773; x_wconf 90' lang='lat' dir='ltr'><strong>liberorum</strong></span> <span class='ocrx_word' id='word_1_129' title='bbox 507 2724 675 2771; x_wconf 89' lang='lat' dir='ltr'><strong>meorum</strong></span> <span class='ocrx_word' id='word_1_130' title='bbox 701 2698 912 2783; x_wconf 86' lang='lat' dir='ltr'><strong>trucidaret,</strong></span> <span class='ocrx_word' id='word_1_131' title='bbox 932 2696 1174 2773; x_wconf 85' lang='lat' dir='ltr'><strong>obliviscerer.</strong></span> <span class='ocrx_word' id='word_1_132' title='bbox 1201 2703 1292 2792; x_wconf 77' lang='lat' dir='ltr'><strong>Quae</strong></span> 
     </span>
     <span class='ocr_line' id='line_1_20' title="bbox 216 2803 1292 2904; baseline 0.004 -23"><span class='ocrx_word' id='word_1_133' title='bbox 216 2811 247 2881; x_wconf 82' lang='lat' dir='ltr'><strong>si</strong></span> <span class='ocrx_word' id='word_1_134' title='bbox 263 2807 308 2881; x_wconf 89' lang='lat' dir='ltr'><strong>de</strong></span> <span class='ocrx_word' id='word_1_135' title='bbox 328 2834 404 2882; x_wconf 92' lang='lat' dir='ltr'><strong>uno</strong></span> <span class='ocrx_word' id='word_1_136' title='bbox 420 2832 479 2881; x_wconf 89' lang='lat' dir='ltr'><strong>rne</strong></span> <span class='ocrx_word' id='word_1_137' title='bbox 494 2810 708 2904; x_wconf 56' lang='lat' dir='ltr'><strong>cogitassem</strong></span> <span class='ocrx_word' id='word_1_138' title='bbox 730 2832 803 2903; x_wconf 86' lang='lat' dir='ltr'><strong>qua</strong></span> <span class='ocrx_word' id='word_1_139' title='bbox 823 2803 999 2879; x_wconf 86' lang='lat' dir='ltr'><strong>mollitia³</strong></span> <span class='ocrx_word' id='word_1_140' title='bbox 1019 2832 1101 2880; x_wconf 91' lang='lat' dir='ltr'><strong>sum</strong></span> <span class='ocrx_word' id='word_1_141' title='bbox 1122 2810 1236 2883; x_wconf 90' lang='lat' dir='ltr'><strong>animi</strong></span> <span class='ocrx_word' id='word_1_142' title='bbox 1249 2836 1292 2885; x_wconf 81' lang='lat' dir='ltr'><strong>ac</strong></span> 
     </span>
     <span class='ocr_line' id='line_1_21' title="bbox 215 2915 1293 3021; baseline 0.005 -31"><span class='ocrx_word' id='word_1_143' title='bbox 215 2919 385 3006; x_wconf 88' lang='lat' dir='ltr'><strong>lenitate,</strong></span> <span class='ocrx_word' id='word_1_144' title='bbox 406 2940 608 3014; x_wconf 88' lang='lat' dir='ltr'><strong>numquam</strong></span> <span class='ocrx_word' id='word_1_145' title='bbox 630 2915 838 2989; x_wconf 86' lang='lat' dir='ltr'><strong>mehercule</strong></span> <span class='ocrx_word' id='word_1_146' title='bbox 853 2915 950 2989; x_wconf 88' lang='lat' dir='ltr'><strong>illius</strong></span> <span class='ocrx_word' id='word_1_147' title='bbox 968 2917 1135 3014; x_wconf 84' lang='lat' dir='ltr'><strong>lacrymis</strong></span> <span class='ocrx_word' id='word_1_148' title='bbox 1153 2944 1196 2993; x_wconf 84' lang='lat' dir='ltr'><strong>ac</strong></span> <span class='ocrx_word' id='word_1_149' title='bbox 1210 2944 1293 3021; x_wconf 91' lang='lat' dir='ltr'><strong>pre·</strong></span> 
     </span>
     <span class='ocr_line' id='line_1_22' title="bbox 218 3025 1293 3127; baseline 0.003 -26"><span class='ocrx_word' id='word_1_150' title='bbox 218 3026 321 3101; x_wconf 87' lang='lat' dir='ltr'><strong>cibus</strong></span> <span class='ocrx_word' id='word_1_151' title='bbox 341 3027 563 3101; x_wconf 88' lang='lat' dir='ltr'><strong>restitissem.</strong></span> <span class='ocrx_word' id='word_1_152' title='bbox 582 3025 672 3115; x_wconf 86' lang='lat' dir='ltr'><strong>Sed,</strong></span> <span class='ocrx_word' id='word_1_153' title='bbox 693 3051 811 3124; x_wconf 91' lang='lat' dir='ltr'><strong>quum</strong></span> <span class='ocrx_word' id='word_1_154' title='bbox 829 3026 919 3101; x_wconf 91' lang='lat' dir='ltr'><strong>mibi</strong></span> <span class='ocrx_word' id='word_1_155' title='bbox 938 3031 1079 3126; x_wconf 86' lang='lat' dir='ltr'><strong>patriae,</strong></span> <span class='ocrx_word' id='word_1_156' title='bbox 1099 3054 1217 3127; x_wconf 89' lang='lat' dir='ltr'><strong>quum</strong></span> <span class='ocrx_word' id='word_1_157' title='bbox 1232 3056 1293 3105; x_wconf 83' lang='lat' dir='ltr'><strong>ve·</strong></span> 
     </span>
     <span class='ocr_line' id='line_1_23' title="bbox 218 3195 1290 3266; baseline 0.005 -21"><span class='ocrx_word' id='word_1_158' title='bbox 218 3195 443 3255; x_wconf 82' lang='lat' dir='ltr'><strong>accommodatum,</strong></span> <span class='ocrx_word' id='word_1_159' title='bbox 469 3195 556 3259; x_wconf 78' lang='lat' dir='ltr'><strong>exigua</strong></span> <span class='ocrx_word' id='word_1_160' title='bbox 578 3195 729 3260; x_wconf 79' lang='lat' dir='ltr'><strong>frequentia,</strong></span> <span class='ocrx_word' id='word_1_161' title='bbox 809 3199 855 3246; x_wconf 86' lang='lat' dir='ltr'><strong>vt.</strong></span> <span class='ocrx_word' id='word_1_162' title='bbox 880 3212 903 3245; x_wconf 88' lang='lat' dir='ltr'><strong>r.</strong></span> <span class='ocrx_word' id='word_1_163' title='bbox 932 3200 998 3262; x_wconf 81' lang='lat' dir='ltr'><strong>Quor</strong></span> <span class='ocrx_word' id='word_1_164' title='bbox 1024 3197 1086 3247; x_wconf 76' lang='lat' dir='ltr'><strong>mitt</strong></span> <span class='ocrx_word' id='word_1_165' title='bbox 1109 3198 1157 3264; x_wconf 81' lang='lat' dir='ltr'><strong>r&#39;psr‘</strong></span> <span class='ocrx_word' id='word_1_166' title='bbox 1177 3199 1290 3266; x_wconf 78' lang='lat' dir='ltr'><strong>secem.</strong></span> 
     </span>
     <span class='ocr_line' id='line_1_24' title="bbox 219 3273 1289 3341; baseline 0.004 -14"><span class='ocrx_word' id='word_1_167' title='bbox 219 3277 341 3341; x_wconf 75' lang='lat' dir='ltr'><strong>nubisque</strong></span> <span class='ocrx_word' id='word_1_168' title='bbox 350 3275 452 3341; x_wconf 76' lang='lat' dir='ltr'><strong>opibus.</strong></span> <span class='ocrx_word' id='word_1_169' title='bbox 466 3274 533 3323; x_wconf 85' lang='lat' dir='ltr'><strong>Sulla</strong></span> <span class='ocrx_word' id='word_1_170' title='bbox 543 3291 690 3339; x_wconf 80' lang='lat' dir='ltr'><strong>quamquam</strong></span> <span class='ocrx_word' id='word_1_171' title='bbox 699 3273 731 3324; x_wconf 89' lang='lat' dir='ltr'><strong>de</strong></span> <span class='ocrx_word' id='word_1_172' title='bbox 774 3277 845 3327; x_wconf 79' lang='lat' dir='ltr'><strong>Prior</strong></span> <span class='ocrx_word' id='word_1_173' title='bbox 856 3280 921 3325; x_wconf 82' lang='lat' dir='ltr'><strong>Ven.</strong></span> <span class='ocrx_word' id='word_1_174' title='bbox 931 3278 1007 3326; x_wconf 82' lang='lat' dir='ltr'><strong>Herv.</strong></span> <span class='ocrx_word' id='word_1_175' title='bbox 1020 3278 1118 3329; x_wconf 71' lang='lat' dir='ltr'><strong>Manat.</strong></span> <span class='ocrx_word' id='word_1_176' title='bbox 1132 3289 1159 3328; x_wconf 88' lang='lat' dir='ltr'><strong>et</strong></span> <span class='ocrx_word' id='word_1_177' title='bbox 1174 3281 1289 3331; x_wconf 80' lang='lat' dir='ltr'><strong>hmbin.</strong></span> 
     </span>
     <span class='ocr_line' id='line_1_25' title="bbox 218 3356 1292 3422; baseline 0.002 -13"><span class='ocrx_word' id='word_1_178' title='bbox 218 3357 313 3409; x_wconf 82' lang='lat' dir='ltr'><strong>ambita</strong></span> <span class='ocrx_word' id='word_1_179' title='bbox 335 3356 523 3412; x_wconf 77' lang='lat' dir='ltr'><strong>condemnatus,</strong></span> <span class='ocrx_word' id='word_1_180' title='bbox 548 3358 635 3405; x_wconf 80' lang='lat' dir='ltr'><strong>Romae</strong></span> <span class='ocrx_word' id='word_1_181' title='bbox 655 3356 732 3405; x_wconf 82' lang='lat' dir='ltr'><strong>vitam</strong></span> <span class='ocrx_word' id='word_1_182' title='bbox 775 3357 915 3422; x_wconf 77' lang='lat' dir='ltr'><strong>«quaeipse</strong></span> <span class='ocrx_word' id='word_1_183' title='bbox 929 3356 1201 3410; x_wconf 59' lang='lat' dir='ltr'><strong>murtenam-mod.</strong></span> <span class='ocrx_word' id='word_1_184' title='bbox 1215 3359 1292 3411; x_wconf 74' lang='lat' dir='ltr'><strong>Bnrb.</strong></span> 
     </span>
     <span class='ocr_line' id='line_1_26' title="bbox 220 3429 1117 3503; baseline -0.001 -15"><span class='ocrx_word' id='word_1_185' title='bbox 220 3439 307 3503; x_wconf 74' lang='lat' dir='ltr'><strong>degere</strong></span> <span class='ocrx_word' id='word_1_186' title='bbox 318 3447 421 3503; x_wconf 89' lang='lat' dir='ltr'><strong>poterat.</strong></span> <span class='ocrx_word' id='word_1_187' title='bbox 442 3440 505 3500; x_wconf 80' lang='lat' dir='ltr'><strong>Lege</strong></span> <span class='ocrx_word' id='word_1_188' title='bbox 520 3435 602 3484; x_wconf 71' lang='lat' dir='ltr'><strong>Baebia</strong></span> <span class='ocrx_word' id='word_1_189' title='bbox 618 3435 731 3485; x_wconf 87' lang='lat' dir='ltr'><strong>Cornelia</strong></span> <span class='ocrx_word' id='word_1_190' title='bbox 775 3457 788 3477; x_wconf 78' lang='grc' dir='ltr'>ι</span> <span class='ocrx_word' id='word_1_191' title='bbox 795 3451 855 3499; x_wconf 81' lang='lat' dir='ltr'><strong>quae</strong></span> <span class='ocrx_word' id='word_1_192' title='bbox 866 3429 926 3484; x_wconf 85' lang='lat' dir='ltr'><strong>milri</strong></span> <span class='ocrx_word' id='word_1_193' title='bbox 936 3436 988 3502; x_wconf 80' lang='lat' dir='ltr'><strong>ipse</strong></span> <span class='ocrx_word' id='word_1_194' title='bbox 997 3436 1117 3487; x_wconf 71' lang='lat' dir='ltr'><strong>feceratn.</strong></span> 
     </span>
     <span class='ocr_line' id='line_1_27' title="bbox 221 3513 1079 3590; baseline -0.003 -23"><span class='ocrx_word' id='word_1_195' title='bbox 221 3518 252 3567; x_wconf 83' lang='lat' dir='ltr'><strong>de</strong></span> <span class='ocrx_word' id='word_1_196' title='bbox 266 3516 377 3590; x_wconf 85' lang='lat' dir='ltr'><strong>ambitu,</strong></span> <span class='ocrx_word' id='word_1_197' title='bbox 395 3517 443 3565; x_wconf 80' lang='lat' dir='ltr'><strong>lam</strong></span> <span class='ocrx_word' id='word_1_198' title='bbox 455 3531 521 3564; x_wconf 88' lang='lat' dir='ltr'><strong>anno</strong></span> <span class='ocrx_word' id='word_1_199' title='bbox 536 3516 585 3576; x_wconf 78' lang='lat'><strong>⁵7²</strong></span> <span class='ocrx_word' id='word_1_200' title='bbox 607 3513 667 3580; x_wconf 75' lang='lat' dir='ltr'><strong>(Tit.</strong></span> <span class='ocrx_word' id='word_1_201' title='bbox 678 3515 731 3564; x_wconf 86' lang='lat' dir='ltr'><strong>Lir.</strong></span> <span class='ocrx_word' id='word_1_202' title='bbox 810 3529 837 3563; x_wconf 83' lang='lat' dir='ltr'><strong>a.</strong></span> <span class='ocrx_word' id='word_1_203' title='bbox 853 3514 962 3563; x_wconf 86' lang='lat' dir='ltr'><strong>Lambin.</strong></span> <span class='ocrx_word' id='word_1_204' title='bbox 977 3515 1079 3565; x_wconf 78' lang='lat' dir='ltr'><strong>adibus.</strong></span> 
     </span>
    </p>

    <p class='ocr_par' dir='ltr' id='par_1_5' title="bbox 218 3594 1292 4454">
     <span class='ocr_line' id='line_1_28' title="bbox 220 3594 1290 3664; baseline -0.001 -17"><span class='ocrx_word' id='word_1_205' title='bbox 220 3601 283 3659; x_wconf 72' lang='lat' dir='ltr'><strong>XL,</strong></span> <span class='ocrx_word' id='word_1_206' title='bbox 299 3596 360 3664; x_wconf 81' lang='lat'><strong>19),</strong></span> <span class='ocrx_word' id='word_1_207' title='bbox 373 3597 396 3645; x_wconf 88' lang='lat' dir='ltr'><strong>ei</strong></span> <span class='ocrx_word' id='word_1_208' title='bbox 406 3597 447 3657; x_wconf 81' lang='lat' dir='ltr'><strong>jur</strong></span> <span class='ocrx_word' id='word_1_209' title='bbox 459 3594 567 3645; x_wconf 83' lang='lat' dir='ltr'><strong>edeuodi</strong></span> <span class='ocrx_word' id='word_1_210' title='bbox 578 3595 732 3658; x_wconf 71' lang='lat' dir='ltr'><strong>megirtmtua</strong></span> <span class='ocrx_word' id='word_1_211' title='bbox 812 3596 836 3643; x_wconf 82' lang='grc'><strong>3.</strong></span> <span class='ocrx_word' id='word_1_212' title='bbox 847 3595 901 3656; x_wconf 79' lang='lat' dir='ltr'><strong>Qua</strong></span> <span class='ocrx_word' id='word_1_213' title='bbox 910 3594 1083 3645; x_wconf 62' lang='lat' dir='ltr'><strong>mitteretur</strong></span> <span class='ocrx_word' id='word_1_214' title='bbox 1095 3594 1222 3645; x_wconf 84' lang='lat' dir='ltr'><strong>inbooam</strong></span> <span class='ocrx_word' id='word_1_215' title='bbox 1231 3612 1290 3662; x_wconf 87' lang='lat' dir='ltr'><strong>par·</strong></span> 
     </span>
     <span class='ocr_line' id='line_1_29' title="bbox 220 3671 1292 3742; baseline -0.005 -17"><span class='ocrx_word' id='word_1_216' title='bbox 220 3688 315 3728; x_wconf 80' lang='lat' dir='ltr'><strong>tanton</strong></span> <span class='ocrx_word' id='word_1_217' title='bbox 331 3693 375 3742; x_wconf 88' lang='lat' dir='ltr'><strong>per</strong></span> <span class='ocrx_word' id='word_1_218' title='bbox 387 3675 470 3723; x_wconf 89' lang='lat' dir='ltr'><strong>deoem</strong></span> <span class='ocrx_word' id='word_1_219' title='bbox 482 3689 559 3721; x_wconf 86' lang='lat' dir='ltr'><strong>annos</strong></span> <span class='ocrx_word' id='word_1_220' title='bbox 569 3671 731 3721; x_wconf 82' lang='lat' dir='ltr'><strong>adimebatur.</strong></span> <span class='ocrx_word' id='word_1_221' title='bbox 776 3683 824 3719; x_wconf 85' lang='lat' dir='ltr'><strong>tem</strong></span> <span class='ocrx_word' id='word_1_222' title='bbox 834 3672 966 3738; x_wconf 87' lang='lat' dir='ltr'><strong>accipitur;</strong></span> <span class='ocrx_word' id='word_1_223' title='bbox 980 3689 1125 3738; x_wconf 84' lang='lat' dir='ltr'><strong>quamquam</strong></span> <span class='ocrx_word' id='word_1_224' title='bbox 1135 3675 1187 3742; x_wconf 80' lang='lat' dir='ltr'><strong>ipse</strong></span> <span class='ocrx_word' id='word_1_225' title='bbox 1199 3675 1226 3725; x_wconf 82' lang='lat' dir='ltr'><strong>in</strong></span> <span class='ocrx_word' id='word_1_226' title='bbox 1234 3693 1292 3741; x_wconf 78' lang='lat' dir='ltr'><strong>par-</strong></span> 
     </span>
     <span class='ocr_line' id='line_1_30' title="bbox 220 3749 1291 3821; baseline -0.002 -16"><span class='ocrx_word' id='word_1_227' title='bbox 220 3759 284 3820; x_wconf 80' lang='lat' dir='ltr'><strong>Lege</strong></span> <span class='ocrx_word' id='word_1_228' title='bbox 294 3754 424 3821; x_wconf 87' lang='lat' dir='ltr'><strong>Calpurnia</strong></span> <span class='ocrx_word' id='word_1_229' title='bbox 437 3752 485 3801; x_wconf 84' lang='lat' dir='ltr'><strong>lata</strong></span> <span class='ocrx_word' id='word_1_230' title='bbox 499 3767 564 3799; x_wconf 90' lang='lat' dir='ltr'><strong>anno</strong></span> <span class='ocrx_word' id='word_1_231' title='bbox 577 3751 647 3813; x_wconf 79' lang='grc'><strong>686,</strong></span> <span class='ocrx_word' id='word_1_232' title='bbox 665 3749 732 3798; x_wconf 89' lang='lat' dir='ltr'><strong>Sulla</strong></span> <span class='ocrx_word' id='word_1_233' title='bbox 776 3751 905 3799; x_wconf 83' lang='lat' dir='ltr'><strong>titionibus</strong></span> <span class='ocrx_word' id='word_1_234' title='bbox 923 3753 1050 3815; x_wconf 86' lang='lat' dir='ltr'><strong>oratoriis,</strong></span> <span class='ocrx_word' id='word_1_235' title='bbox 1067 3753 1196 3801; x_wconf 87' lang='lat' dir='ltr'><strong>mollitiam</strong></span> <span class='ocrx_word' id='word_1_236' title='bbox 1213 3756 1291 3804; x_wconf 86' lang='lat' dir='ltr'><strong>animi</strong></span> 
     </span>
     <span class='ocr_line' id='line_1_31' title="bbox 219 3830 1292 3899; baseline 0.002 -17"><span class='ocrx_word' id='word_1_237' title='bbox 219 3836 324 3899; x_wconf 85' lang='lat' dir='ltr'><strong>pecunia</strong></span> <span class='ocrx_word' id='word_1_238' title='bbox 343 3834 461 3882; x_wconf 81' lang='lat' dir='ltr'><strong>multatus</strong></span> <span class='ocrx_word' id='word_1_239' title='bbox 479 3841 530 3889; x_wconf 89' lang='lat' dir='ltr'><strong>eat,</strong></span> <span class='ocrx_word' id='word_1_240' title='bbox 549 3830 633 3893; x_wconf 82' lang='lat' dir='ltr'><strong>illique</strong></span> <span class='ocrx_word' id='word_1_241' title='bbox 645 3844 732 3893; x_wconf 85' lang='lat' dir='ltr'><strong>perpe·</strong></span> <span class='ocrx_word' id='word_1_242' title='bbox 775 3831 862 3879; x_wconf 83' lang='lat' dir='ltr'><strong>vitiant</strong></span> <span class='ocrx_word' id='word_1_243' title='bbox 875 3846 939 3890; x_wconf 78' lang='lat' dir='ltr'><strong>ease,</strong></span> <span class='ocrx_word' id='word_1_244' title='bbox 952 3831 1021 3895; x_wconf 83' lang='lat' dir='ltr'><strong>quod</strong></span> <span class='ocrx_word' id='word_1_245' title='bbox 1035 3831 1159 3881; x_wconf 79' lang='lat' dir='ltr'><strong>lenitatem</strong></span> <span class='ocrx_word' id='word_1_246' title='bbox 1168 3834 1292 3899; x_wconf 81' lang='lat' dir='ltr'><strong>imitetur,</strong></span> 
     </span>
     <span class='ocr_line' id='line_1_32' title="bbox 220 3909 1291 3978; baseline -0.001 -15"><span class='ocrx_word' id='word_1_247' title='bbox 220 3927 265 3963; x_wconf 86' lang='lat' dir='ltr'><strong>tuo</strong></span> <span class='ocrx_word' id='word_1_248' title='bbox 282 3913 389 3977; x_wconf 85' lang='lat' dir='ltr'><strong>publicis</strong></span> <span class='ocrx_word' id='word_1_249' title='bbox 402 3911 544 3960; x_wconf 82' lang='lat' dir='ltr'><strong>muneribus</strong></span> <span class='ocrx_word' id='word_1_250' title='bbox 562 3909 729 3957; x_wconf 88' lang='lat' dir='ltr'><strong>interdictum.</strong></span> <span class='ocrx_word' id='word_1_251' title='bbox 775 3910 880 3960; x_wconf 79' lang='lat' dir='ltr'><strong>dixerit:</strong></span> <span class='ocrx_word' id='word_1_252' title='bbox 895 3911 1045 3959; x_wconf 77' lang='lat' dir='ltr'><strong>«Cernenda</strong></span> <span class='ocrx_word' id='word_1_253' title='bbox 1066 3922 1124 3960; x_wconf 85' lang='lat' dir='ltr'><strong>eunt</strong></span> <span class='ocrx_word' id='word_1_254' title='bbox 1149 3911 1291 3978; x_wconf 78' lang='lat' dir='ltr'><strong>diligenter,</strong></span> 
     </span>
     <span class='ocr_line' id='line_1_33' title="bbox 220 3989 1291 4057; baseline -0.003 -12"><span class='ocrx_word' id='word_1_255' title='bbox 220 3992 378 4051; x_wconf 77' lang='lat' dir='ltr'><strong>lexTullia,</strong></span> <span class='ocrx_word' id='word_1_256' title='bbox 398 4007 412 4038; x_wconf 88' lang='lat' dir='ltr'><strong>a</strong></span> <span class='ocrx_word' id='word_1_257' title='bbox 429 3989 529 4039; x_wconf 81' lang='lat' dir='ltr'><strong>consule</strong></span> <span class='ocrx_word' id='word_1_258' title='bbox 545 3990 600 4053; x_wconf 76' lang='lat' dir='ltr'><strong>ipso</strong></span> <span class='ocrx_word' id='word_1_259' title='bbox 613 3989 732 4039; x_wconf 83' lang='lat' dir='ltr'><strong>Cicerone</strong></span> <span class='ocrx_word' id='word_1_260' title='bbox 774 4007 806 4038; x_wconf 87' lang='lat' dir='ltr'><strong>ne</strong></span> <span class='ocrx_word' id='word_1_261' title='bbox 820 3991 904 4057; x_wconf 75' lang='lat' dir='ltr'><strong>fallant¹</strong></span> <span class='ocrx_word' id='word_1_262' title='bbox 915 4007 942 4040; x_wconf 89' lang='lat' dir='ltr'><strong>ea</strong></span> <span class='ocrx_word' id='word_1_263' title='bbox 953 4006 999 4040; x_wconf 82' lang='lat' dir='ltr'><strong>nos</strong></span> <span class='ocrx_word' id='word_1_264' title='bbox 1007 3993 1083 4050; x_wconf 84' lang='lat' dir='ltr'><strong>vitia,</strong></span> <span class='ocrx_word' id='word_1_265' title='bbox 1102 4008 1158 4056; x_wconf 77' lang='lat' dir='ltr'><strong>quar</strong></span> <span class='ocrx_word' id='word_1_266' title='bbox 1171 3993 1291 4042; x_wconf 83' lang='lat' dir='ltr'><strong>virtutem</strong></span> 
     </span>
     <span class='ocr_line' id='line_1_34' title="bbox 220 4066 1291 4136; baseline -0.001 -14"><span class='ocrx_word' id='word_1_267' title='bbox 220 4073 277 4132; x_wconf 84' lang='lat' dir='ltr'><strong>lata,</strong></span> <span class='ocrx_word' id='word_1_268' title='bbox 286 4070 370 4120; x_wconf 86' lang='lat' dir='ltr'><strong>tleoetn</strong></span> <span class='ocrx_word' id='word_1_269' title='bbox 379 4084 499 4117; x_wconf 85' lang='lat' dir='ltr'><strong>armornm</strong></span> <span class='ocrx_word' id='word_1_270' title='bbox 507 4067 602 4115; x_wconf 88' lang='lat' dir='ltr'><strong>addidit</strong></span> <span class='ocrx_word' id='word_1_271' title='bbox 610 4066 729 4117; x_wconf 75' lang='lat' dir='ltr'><strong>exsilium.</strong></span> <span class='ocrx_word' id='word_1_272' title='bbox 775 4069 889 4118; x_wconf 83' lang='lat' dir='ltr'><strong>videntur</strong></span> <span class='ocrx_word' id='word_1_273' title='bbox 899 4070 995 4119; x_wconf 86' lang='lat' dir='ltr'><strong>imitari.</strong></span> <span class='ocrx_word' id='word_1_274' title='bbox 1010 4070 1073 4119; x_wconf 87' lang='lat' dir='ltr'><strong>Nam</strong></span> <span class='ocrx_word' id='word_1_275' title='bbox 1086 4080 1111 4118; x_wconf 88' lang='lat' dir='ltr'><strong>et</strong></span> <span class='ocrx_word' id='word_1_276' title='bbox 1129 4070 1291 4136; x_wconf 85' lang='lat' dir='ltr'><strong>prudentiam</strong></span> 
     </span>
     <span class='ocr_line' id='line_1_35' title="bbox 219 4145 1291 4210; baseline 0 -9"><span class='ocrx_word' id='word_1_277' title='bbox 219 4152 292 4201; x_wconf 82' lang='lat' dir='ltr'><strong>Plura</strong></span> <span class='ocrx_word' id='word_1_278' title='bbox 305 4150 361 4197; x_wconf 86' lang='lat' dir='ltr'><strong>ride</strong></span> <span class='ocrx_word' id='word_1_279' title='bbox 370 4149 396 4196; x_wconf 86' lang='lat' dir='ltr'><strong>in</strong></span> <span class='ocrx_word' id='word_1_280' title='bbox 408 4164 512 4197; x_wconf 80' lang='lat' dir='ltr'><strong>excursu</strong></span> <span class='ocrx_word' id='word_1_281' title='bbox 524 4146 555 4195; x_wconf 87' lang='lat' dir='ltr'><strong>de</strong></span> <span class='ocrx_word' id='word_1_282' title='bbox 563 4145 729 4207; x_wconf 78' lang='lat' dir='ltr'><strong>Romamjud.</strong></span> <span class='ocrx_word' id='word_1_283' title='bbox 774 4148 906 4199; x_wconf 83' lang='lat' dir='ltr'><strong>malitia...</strong></span> <span class='ocrx_word' id='word_1_284' title='bbox 922 4161 948 4198; x_wconf 86' lang='lat' dir='ltr'><strong>et</strong></span> <span class='ocrx_word' id='word_1_285' title='bbox 959 4148 1130 4199; x_wconf 81' lang='lat' dir='ltr'><strong>liberalitatem</strong></span> <span class='ocrx_word' id='word_1_286' title='bbox 1140 4150 1247 4210; x_wconf 74' lang='lat' dir='ltr'><strong>eiluein,</strong></span> <span class='ocrx_word' id='word_1_287' title='bbox 1265 4162 1291 4201; x_wconf 83' lang='lat' dir='ltr'><strong>et</strong></span> 
     </span>
     <span class='ocr_line' id='line_1_36' title="bbox 218 4226 1290 4296; baseline 0.004 -19"><span class='ocrx_word' id='word_1_288' title='bbox 218 4229 351 4295; x_wconf 72' lang='lat' dir='ltr'><strong>§questio</strong></span> <span class='ocrx_word' id='word_1_289' title='bbox 365 4239 482 4293; x_wconf 86' lang='lat' dir='ltr'><strong>perpetua</strong></span> <span class='ocrx_word' id='word_1_290' title='bbox 494 4227 525 4276; x_wconf 87' lang='lat' dir='ltr'><strong>de</strong></span> <span class='ocrx_word' id='word_1_291' title='bbox 537 4226 638 4274; x_wconf 87' lang='lat' dir='ltr'><strong>ambito.</strong></span> <span class='ocrx_word' id='word_1_292' title='bbox 653 4226 729 4276; x_wconf 83' lang='lat' dir='ltr'><strong>conf.</strong></span> <span class='ocrx_word' id='word_1_293' title='bbox 775 4228 941 4277; x_wconf 75' lang='lat' dir='ltr'><strong>fortitudinem</strong></span> <span class='ocrx_word' id='word_1_294' title='bbox 956 4228 1057 4277; x_wconf 73' lang='lat' dir='ltr'><strong>audrei·</strong></span> <span class='ocrx_word' id='word_1_295' title='bbox 1072 4229 1194 4294; x_wconf 80' lang='lat' dir='ltr'><strong>imitetur,</strong></span> <span class='ocrx_word' id='word_1_296' title='bbox 1207 4242 1232 4279; x_wconf 88' lang='lat' dir='ltr'><strong>et</strong></span> <span class='ocrx_word' id='word_1_297' title='bbox 1244 4247 1290 4296; x_wconf 91' lang='lat' dir='ltr'><strong>pa·</strong></span> 
     </span>
     <span class='ocr_line' id='line_1_37' title="bbox 220 4307 1292 4375; baseline 0.001 -15"><span class='ocrx_word' id='word_1_298' title='bbox 220 4311 293 4361; x_wconf 89' lang='lat' dir='ltr'><strong>etiam</strong></span> <span class='ocrx_word' id='word_1_299' title='bbox 304 4326 351 4375; x_wconf 92' lang='lat' dir='ltr'><strong>pro</strong></span> <span class='ocrx_word' id='word_1_300' title='bbox 364 4311 462 4358; x_wconf 86' lang='lat' dir='ltr'><strong>Mnren.</strong></span> <span class='ocrx_word' id='word_1_301' title='bbox 475 4309 489 4357; x_wconf 86' lang='grc'>3</span> <span class='ocrx_word' id='word_1_302' title='bbox 506 4319 531 4358; x_wconf 88' lang='lat' dir='ltr'><strong>et</strong></span> <span class='ocrx_word' id='word_1_303' title='bbox 543 4309 590 4366; x_wconf 73' lang='lat'><strong>3²3</strong></span> <span class='ocrx_word' id='word_1_304' title='bbox 601 4323 648 4372; x_wconf 91' lang='lat' dir='ltr'><strong>pro</strong></span> <span class='ocrx_word' id='word_1_305' title='bbox 660 4309 729 4358; x_wconf 80' lang='lat' dir='ltr'><strong>Sext.</strong></span> <span class='ocrx_word' id='word_1_306' title='bbox 774 4307 884 4357; x_wconf 87' lang='lat' dir='ltr'><strong>tientiam</strong></span> <span class='ocrx_word' id='word_1_307' title='bbox 897 4308 986 4356; x_wconf 89' lang='lat' dir='ltr'><strong>duritia</strong></span> <span class='ocrx_word' id='word_1_308' title='bbox 994 4307 1121 4369; x_wconf 86' lang='lat' dir='ltr'><strong>immania,</strong></span> <span class='ocrx_word' id='word_1_309' title='bbox 1137 4309 1292 4370; x_wconf 81' lang='lat' dir='ltr'><strong>etjmtitiam</strong></span> 
     </span>
     <span class='ocr_line' id='line_1_38' title="bbox 218 4386 1291 4454; baseline 0.001 -16"><span class='ocrx_word' id='word_1_310' title='bbox 218 4406 273 4454; x_wconf 77' lang='lat' dir='ltr'><strong>rap.</strong></span> <span class='ocrx_word' id='word_1_311' title='bbox 283 4390 333 4448; x_wconf 68' lang='lat'><strong>543</strong></span> <span class='ocrx_word' id='word_1_312' title='bbox 349 4389 376 4435; x_wconf 90' lang='lat' dir='ltr'><strong>in</strong></span> <span class='ocrx_word' id='word_1_313' title='bbox 386 4388 471 4437; x_wconf 85' lang='lat' dir='ltr'><strong>Vatin.</strong></span> <span class='ocrx_word' id='word_1_314' title='bbox 484 4403 541 4452; x_wconf 84' lang='lat' dir='ltr'><strong>cap.</strong></span> <span class='ocrx_word' id='word_1_315' title='bbox 557 4388 599 4449; x_wconf 79' lang='lat'><strong>15,</strong></span> <span class='ocrx_word' id='word_1_316' title='bbox 616 4397 641 4436; x_wconf 87' lang='lat' dir='ltr'><strong>et</strong></span> <span class='ocrx_word' id='word_1_317' title='bbox 655 4386 729 4435; x_wconf 87' lang='lat' dir='ltr'><strong>Dion.</strong></span> <span class='ocrx_word' id='word_1_318' title='bbox 775 4388 907 4447; x_wconf 80' lang='lat' dir='ltr'><strong>aoerbitae,</strong></span> <span class='ocrx_word' id='word_1_319' title='bbox 921 4397 946 4434; x_wconf 90' lang='lat' dir='ltr'><strong>et</strong></span> <span class='ocrx_word' id='word_1_320' title='bbox 954 4387 1096 4450; x_wconf 84' lang='lat' dir='ltr'><strong>religionem</strong></span> <span class='ocrx_word' id='word_1_321' title='bbox 1102 4389 1256 4453; x_wconf 76' lang='lat' dir='ltr'><strong>auperetitIo,</strong></span> <span class='ocrx_word' id='word_1_322' title='bbox 1264 4399 1291 4440; x_wconf 83' lang='lat' dir='ltr'><strong>et</strong></span> 
     </span>
    </p>
   </div>
   <div class='ocr_carea' id='block_1_4' title="bbox 217 4465 1290 4605">
    <p class='ocr_par' dir='ltr' id='par_1_6' title="bbox 217 4465 1290 4605">
     <span class='ocr_line' id='line_1_39' title="bbox 217 4465 1290 4533; baseline -0.002 -12"><span class='ocrx_word' id='word_1_323' title='bbox 217 4470 284 4521; x_wconf 73' lang='lat' dir='ltr'><strong>ctu.</strong></span> <span class='ocrx_word' id='word_1_324' title='bbox 297 4468 424 4517; x_wconf 79' lang='lat' dir='ltr'><strong>mvn</strong></span> <span class='ocrx_word' id='word_1_325' title='bbox 431 4503 439 4528; x_wconf 91' lang='lat'><strong>,</strong></span> <span class='ocrx_word' id='word_1_326' title='bbox 452 4484 495 4533; x_wconf 75' lang='lat' dir='ltr'><strong>ap.</strong></span> <span class='ocrx_word' id='word_1_327' title='bbox 775 4465 899 4515; x_wconf 83' lang='lat' dir='ltr'><strong>lenitatem</strong></span> <span class='ocrx_word' id='word_1_328' title='bbox 910 4466 1013 4515; x_wconf 85' lang='lat' dir='ltr'><strong>mollitia</strong></span> <span class='ocrx_word' id='word_1_329' title='bbox 1024 4467 1112 4525; x_wconf 84' lang='lat' dir='ltr'><strong>animi,</strong></span> <span class='ocrx_word' id='word_1_330' title='bbox 1129 4478 1154 4517; x_wconf 83' lang='lat' dir='ltr'><strong>et</strong></span> <span class='ocrx_word' id='word_1_331' title='bbox 1169 4483 1290 4519; x_wconf 77' lang='lat' dir='ltr'><strong>verecun-</strong></span> 
     </span>
     <span class='ocr_line' id='line_1_40' title="bbox 255 4545 1062 4605; baseline -0.012 -6"><span class='ocrx_word' id='word_1_332' title='bbox 255 4565 295 4599; x_wconf 85' lang='lat' dir='ltr'><strong>1o.</strong></span> <span class='ocrx_word' id='word_1_333' title='bbox 315 4548 525 4599; x_wconf 60' lang='lat' dir='ltr'><strong>murinorum.</strong></span> <span class='ocrx_word' id='word_1_334' title='bbox 544 4550 729 4599; x_wconf 72' lang='lat' dir='ltr'><strong>Damnatus-nm.</strong></span> <span class='ocrx_word' id='word_1_335' title='bbox 776 4545 840 4596; x_wconf 89' lang='lat' dir='ltr'><strong>diam</strong></span> <span class='ocrx_word' id='word_1_336' title='bbox 847 4547 1036 4605; x_wconf 80' lang='lat' dir='ltr'><strong>temeritas,etc.</strong></span> <span class='ocrx_word' id='word_1_337' title='bbox 1050 4567 1062 4589; x_wconf 71' lang='grc' dir='ltr'>ι</span> 
     </span>
    </p>
   </div>
   <div class='ocr_carea' id='block_1_5' title="bbox 0 0 1340 5250">
    <p class='ocr_par' dir='ltr' id='par_1_7' title="bbox 0 0 1340 5250">
     <span class='ocr_line' id='line_1_41' title="bbox 0 0 1340 5250; baseline 0 0"><span class='ocrx_word' id='word_1_338' title='bbox 0 0 1340 5250; x_wconf 95' lang='lat' dir='ltr'><strong> </strong></span> 
     </span>
    </p>
   </div>
  </div>
 </body>
</html>
