2670 5250
221 864 243 907 x
619 837 897 907 PRAEFATIO

129 956 136 983 ‘
221 955 346 1043 Quum
367 952 463 1023 enirn
490 949 760 1048 deperditarum
785 953 970 1022 Ciceronis
988 955 1197 1023 orationum
1222 952 1296 1026 fra·

219 1063 365 1148 gmenta
392 1049 581 1147 complura
608 1050 644 1118 in
675 1044 912 1119 Ambrosiana
936 1047 1135 1120 Mediolani
1161 1048 1294 1123 biblio·

219 1147 325 1219 theca
339 1146 470 1245 perdiu
483 1145 730 1231 delituissent,
748 1147 885 1217 exstitit
898 1148 953 1216 vir
970 1147 1209 1237 acutissimus,
1226 1154 1296 1220 An·

242 1244 320 1316 elus
338 1246 473 1331 Maius,
492 1245 557 1341 qui
575 1242 696 1314 abdita
718 1243 756 1313 in
768 1316 771 1323 ,
784 1245 944 1340 antiquis
968 1243 1207 1342 palimpsestis
1229 1271 1295 1319 co-

217 1269 378 1428 dicibus,
397 1336 548 1438 aliisque
568 1341 746 1439 impositis
765 1340 1025 1439 scriptionibus
1046 1341 1180 1413 obruta
1200 1345 1294 1416 mira

217 1454 294 1511 arte
322 1454 359 1510 et
385 1437 571 1535 diligentia
596 1451 759 1525 erueret,
786 1450 823 1509 et
854 1440 891 1508 in
920 1460 1154 1512 communem
1184 1464 1293 1513 usum

242 1533 407 1608 inferret.
435 1537 556 1627 Quem
583 1539 730 1607 inventa
762 1554 825 1606 sua
859 1551 1066 1609 narrantem
1102 1537 1294 1611 audiamus

214 1560 316 1706 licet:
337 1635 547 1706 «Scrutanti
563 1632 653 1704 mibi
676 1631 923 1705 imbrosianae
941 1631 1175 1708 bibliothece
1188 1634 1292 1708 fotu·

215 1730 269 1803 los
307 1732 599 1831 antiquissimum
639 1730 803 1803 codicem
835 1732 1036 1804 occurrisse
1068 1736 1145 1822 aio,
1179 1758 1293 1830 quem

215 1852 331 1928 quum
350 1830 574 1928 diligentius,
590 1842 699 1900 tantae
716 1829 908 1900 vetustatis
920 1844 1068 1928 aspectu
1085 1831 1295 1929 perculsus,

215 1927 499 2014 considerarem,
518 1928 614 1999 sensi
639 1929 808 2025 protinus
831 1948 911 2021 esse
937 1950 1053 1998 uuum
1081 1952 1126 2000 ex
1152 1929 1196 2000 iis
1227 1934 1293 2027 qui

213 2025 438 2123 palimpsesti
459 2026 648 2096 vocantur.
668 2029 789 2121 Atque·
806 2022 866 2095 hic
888 2025 1068 2122 originem
1086 2028 1177 2097 tanti
1196 2026 1294 2098 eodi-

213 2124 264 2193 cis
285 2123 390 2193 altius
412 2136 578 2220 repetere
595 2144 674 2191 non
697 2122 881 2218 ingratum
906 2119 986 2194 fore
1010 2123 1211 2195 lectoribus
1233 2148 1292 2195 ar-

213 2219 341 2290 bitror.
365 2225 467 2290 Inter
482 2219 693 2316 Apenninos
713 2232 858 2289 montes
877 2221 914 2290 in
937 2221 1081 2318 Liguria
1099 2220 1145 2291 ad
1167 2221 1291 2293 locum

212 2321 275 2414 qui
291 2315 445 2387 Bobium
460 2319 567 2386 etiam
580 2314 781 2412 antiquitus
794 2330 1029 2416 nuncupatus
1040 2315 1168 2407 fertur,
1183 2317 1292 2391 divus

211 2413 463 2484 Columbanus
482 2438 579 2484 anno
598 2426 682 2510 post
697 2413 883 2493 Christum
910 2430 1037 2487 natum
1060 2416 1132 2487 612
1159 2438 1290 2489 mona·

211 2510 367 2585 chorum
394 2511 590 2583 claustrum
619 2507 794 2582 fundavit.
828 2517 879 2583 Ea
912 2536 1022 2611 porro
1049 2511 1183 2585 familia
1212 2538 1288 2586 non

210 2607 636 2705 morumtantummodo
658 2612 914 2701 sanctimonia,
930 2634 1056 2683 verum
1080 2611 1188 2682 etiam
1205 2610 1287 2684 lite·

209 2698 339 2777 rarum·
351 2694 661 2806 soienti'arur'uqud
671 2699 819 2797 studio,
844 2722 1021 2806 quantum
1043 2722 1211 2807 tempora
1228 2734 1288 2809 pa·

209 2803 407 2895 tiebantur,
421 2798 715 2903 ,insigms-epam
736 2805 801 2898 (1).
820 2808 861 2873 Ei
886 2804 1059 2876 coenobio
1082 2807 1287 2906 studiisque

207 2892 761 3000 monasticissptseluii··saeculo
796 2914 881 2998 post
918 2900 1104 2973 Christum·
1141 2902 1287 2978 decimo

207 2997 414 3083 Gerberttrs
432 2992 661 3096 Gallilss'nqul
683 2996 816 3068 deiude
838 3022 1027 3070 romanam
1053 3001 1177 3072 sedem
1202 3020 1287 3075 eum

205 3090 443 3166 Silvestridi
459 3088 628 3196 momine
646 3106 652 3113 ”
670 3097 817 3182 tenuit,
852 3098 907 3166 vir
947 3098 1176 3196 temporibus
1211 3104 1288 3173 suis

206 3193 312 3292 plane
331 3195 510 3291 superior,
530 3186 804 3282 mathematicae,
817 3195 1018 3284 rhetoricae,
1034 3201 1191 3284 musicae,
1206 3218 1286 3270 me·

203 3292 350 3379 dicinae,
369 3292 607 3390 omniumque
629 3316 733 3390 paene
753 3292 1023 3391 disciplinarum
1045 3294 1285 3392 prudentissi-

202 3408 284 3459 mus
302 3390 368 3487 (a)
398 3393 522 3479 Quum
547 3390 657 3486 igitur
684 3388 775 3460 illud
802 3393 1062 3462 monasterium
1089 3395 1128 3462 in
1153 3394 1285 3466 mediis

204 3488 380 3558 Italorum
404 3485 564 3560 tenebris
590 3486 711 3584 aliqua
737 3487 923 3560 literarum
946 3488 1027 3559 luce
1053 3488 1285 3564 collustrare·

202 3594 273 3672 tur,
296 3583 474 3655 librorum
488 3583 717 3682 supellectile
736 3606 859 3656 carere
875 3610 950 3656 non
966 3591 1097 3684 potuit.
1121 3586 1284 3661 Bobien-

200 3684 246 3753 sis
279 3681 509 3754 bibliothecae
543 3679 749 3779 catalogum
779 3681 912 3754 saeculo
946 3681 1100 3756 fortasse
1134 3684 1284 3760 decimo

200 3784 377 3879 scriptum
395 3779 601 3850 Ludovicus
615 3783 835 3852 Muratorius
850 3781 986 3877 publici
998 3783 1091 3875 juris
1104 3780 1191 3854 lecit
1206 3784 1282 3880 (3):

200 3878 238 3947 in
257 3901 333 3975 quo
352 3877 447 3948 bene
467 3877 578 3975 longo
602 3877 721 3948 indice
744 3902 821 3948 non
843 3879 897 3948 rei
915 3900 1023 3949 sacrae
1044 3879 1163 3950 solum
1187 3885 1283 3954 scri-

199 3986 323 4072 ptores
335 3998 347 4062 ,·
371 3998 499 4045 verum
522 3976 629 4045 etiam
652 3976 922 4071 grammaticos,
953 3974 1169 4065 historicos,
1193 3998 1281 4052 ora·

199 4087 312 4160 tores,
331 4087 478 4169 poetas,
498 4087 534 4143 et
551 4072 698 4169 reliquae
723 4071 884 4170 profanae
902 4072 1093 4143 literaturae
1108 4089 1282 4152 auctores

198 4192 274 4241 non
299 4194 436 4268 paucos
458 4168 721 4267 deprehendes.
750 4173 829 4239 iam
852 4193 938 4240 vero
963 4170 1114 4242 ineunte
1137 4176 1277 4249 saeculo

198 4267 341 4339 decimo
360 4270 533 4366 septimo,
561 4292 677 4365 quum
705 4265 896 4338 Federicus
924 4266 1121 4340 Cardinalis
1148 4276 1281 4348 Burro

231 4446 272 4512 (1)
294 4443 473 4507 Tirabosous‚
485 4444 566 4491 Seoria
582 4445 649 4494 della
658 4445 708 4494 leet.
719 4444 773 4495 dai.
782 4441 844 4496 edit.
852 4442 948 4495 Mutiu.
964 4445 1047 4514 1787,
1061 4447 1153 4508 t.111‚.
1170 4450 1230 4502 131.

232 4519 271 4585 (a)
290 4514 369 4566 Idem
382 4512 476 4566 eodem
488 4523 579 4578 tomo,
597 4531 658 4585 pag.
675 4513 735 4566 ²61.

233 4586 271 4657 (3)
291 4585 421 4662 ¹Antiquit.
434 4583 491 4637 Ital.
503 4581 574 4636 med.
588 4598 636 4637 ter.
654 4594 718 4635 tom.
731 4582 789 4648 111,
808 4581 909 4637 dissert.
921 4586 970 4650 43,
985 4605 1043 4658 pag.
1059 4586 1118 4642 818.
