<?xml version="1.0" encoding="UTF-8"?>
<!DOCTYPE html PUBLIC "-//W3C//DTD XHTML 1.0 Transitional//EN"
    "http://www.w3.org/TR/xhtml1/DTD/xhtml1-transitional.dtd">
<html xmlns="http://www.w3.org/1999/xhtml" xml:lang="en" lang="en">
 <head>
  <title>
</title>
<meta http-equiv="Content-Type" content="text/html;charset=utf-8" />
  <meta name='ocr-system' content='tesseract 3.04.00' />
  <meta name='ocr-capabilities' content='ocr_page ocr_carea ocr_par ocr_line ocrx_word'/>
</head>
<body>
  <div class='ocr_page' id='page_1' title='image "bibliothecaclas62lemagoog_0051.png"; bbox 0 0 2670 5250; ppageno 0'>
   <div class='ocr_carea' id='block_1_1' title="bbox 308 374 1137 475">
    <p class='ocr_par' dir='ltr' id='par_1_1' title="bbox 308 374 1137 475">
     <span class='ocr_line' id='line_1_1' title="bbox 308 374 1137 475; baseline 0.007 -32"><span class='ocrx_word' id='word_1_1' title='bbox 308 374 509 444; x_wconf 77' lang='lat' dir='ltr'>enarro</span> <span class='ocrx_word' id='word_1_2' title='bbox 535 374 635 445; x_wconf 77' lang='lat' dir='ltr'>nno</span> <span class='ocrx_word' id='word_1_3' title='bbox 660 376 697 444; x_wconf 85' lang='lat' dir='ltr'>r.</span> <span class='ocrx_word' id='word_1_4' title='bbox 722 376 904 446; x_wconf 74' lang='lat' dir='ltr'>sunna.</span> <span class='ocrx_word' id='word_1_5' title='bbox 1092 404 1137 475; x_wconf 68' lang='grc' dir='ltr'>η</span> 
     </span>
    </p>
   </div>
   <div class='ocr_carea' id='block_1_2' title="bbox 10 492 1141 2577">
    <p class='ocr_par' dir='ltr' id='par_1_2' title="bbox 10 492 1141 2577">
     <span class='ocr_line' id='line_1_2' title="bbox 10 492 1139 592; baseline 0.01 -31"><span class='ocrx_word' id='word_1_6' title='bbox 10 516 22 561; x_wconf 84' lang='grc' dir='ltr'>ι</span> <span class='ocrx_word' id='word_1_7' title='bbox 81 496 225 582; x_wconf 68' lang='lat' dir='ltr'>elimet,</span> <span class='ocrx_word' id='word_1_8' title='bbox 239 498 292 566; x_wconf 89' lang='lat' dir='ltr'>ita</span> <span class='ocrx_word' id='word_1_9' title='bbox 304 493 387 565; x_wconf 90' lang='lat' dir='ltr'>illos</span> <span class='ocrx_word' id='word_1_10' title='bbox 403 492 611 582; x_wconf 75' lang='lat' dir='ltr'><strong>audituros,</strong></span> <span class='ocrx_word' id='word_1_11' title='bbox 627 492 762 592; x_wconf 91' lang='lat' dir='ltr'>quibus</span> <span class='ocrx_word' id='word_1_12' title='bbox 776 520 815 567; x_wconf 90' lang='lat' dir='ltr'>se</span> <span class='ocrx_word' id='word_1_13' title='bbox 833 496 1041 570; x_wconf 86' lang='lat' dir='ltr'>venditabat</span> <span class='ocrx_word' id='word_1_14' title='bbox 1050 511 1079 589; x_wconf 76' lang='lat'>⁹,</span> <span class='ocrx_word' id='word_1_15' title='bbox 1095 516 1139 573; x_wconf 86' lang='lat' dir='ltr'>ut</span> 
     </span>
     <span class='ocr_line' id='line_1_3' title="bbox 10 602 1137 705; baseline 0.004 -26"><span class='ocrx_word' id='word_1_16' title='bbox 10 640 27 669; x_wconf 87' lang='lat'>.-</span> <span class='ocrx_word' id='word_1_17' title='bbox 79 631 132 679; x_wconf 63' lang='grc' dir='ltr'>νοῦ</span> <span class='ocrx_word' id='word_1_18' title='bbox 149 629 304 705; x_wconf 82' lang='lat' dir='ltr'>quoque</span> <span class='ocrx_word' id='word_1_19' title='bbox 325 602 518 692; x_wconf 86' lang='lat' dir='ltr'>audiretis,</span> <span class='ocrx_word' id='word_1_20' title='bbox 534 606 598 702; x_wconf 94' lang='lat' dir='ltr'>qui</span> <span class='ocrx_word' id='word_1_21' title='bbox 612 605 650 675; x_wconf 92' lang='lat' dir='ltr'>id</span> <span class='ocrx_word' id='word_1_22' title='bbox 664 631 740 676; x_wconf 90' lang='lat' dir='ltr'>non</span> <span class='ocrx_word' id='word_1_23' title='bbox 759 605 982 703; x_wconf 84' lang='lat' dir='ltr'>probabatis.</span> <span class='ocrx_word' id='word_1_24' title='bbox 997 610 1137 683; x_wconf 79' lang='lat' dir='ltr'>Deinde</span> 
     </span>
     <span class='ocr_line' id='line_1_4' title="bbox 10 715 1140 816; baseline 0.002 -26"><span class='ocrx_word' id='word_1_25' title='bbox 10 748 32 776; x_wconf 63' lang='lat' dir='ltr'>r</span> <span class='ocrx_word' id='word_1_26' title='bbox 76 716 215 790; x_wconf 69' lang='lat' dir='ltr'>altoeum</span> <span class='ocrx_word' id='word_1_27' title='bbox 229 717 307 812; x_wconf 88' lang='lat' dir='ltr'>jam</span> <span class='ocrx_word' id='word_1_28' title='bbox 323 715 477 786; x_wconf 83' lang='lat' dir='ltr'>oratoris</span> <span class='ocrx_word' id='word_1_29' title='bbox 491 716 618 785; x_wconf 90' lang='lat' dir='ltr'>vitium</span> <span class='ocrx_word' id='word_1_30' title='bbox 629 725 673 802; x_wconf 89' lang='lat'>¹⁰,</span> <span class='ocrx_word' id='word_1_31' title='bbox 689 740 765 786; x_wconf 93' lang='lat' dir='ltr'>non</span> <span class='ocrx_word' id='word_1_32' title='bbox 780 716 922 804; x_wconf 87' lang='lat' dir='ltr'>videre,</span> <span class='ocrx_word' id='word_1_33' title='bbox 937 716 1027 814; x_wconf 91' lang='lat' dir='ltr'>quid</span> <span class='ocrx_word' id='word_1_34' title='bbox 1043 744 1140 816; x_wconf 80' lang='lat' dir='ltr'>qute-</span> 
     </span>
     <span class='ocr_line' id='line_1_5' title="bbox 10 824 1137 927; baseline 0 -26"><span class='ocrx_word' id='word_1_35' title='bbox 10 844 26 884; x_wconf 88' lang='grc'>·-</span> <span class='ocrx_word' id='word_1_36' title='bbox 74 852 134 927; x_wconf 78' lang='lat' dir='ltr'>que</span> <span class='ocrx_word' id='word_1_37' title='bbox 149 850 263 900; x_wconf 85' lang='lat' dir='ltr'>causa</span> <span class='ocrx_word' id='word_1_38' title='bbox 276 825 448 924; x_wconf 81' lang='lat' dir='ltr'><strong>postulet.</strong></span> <span class='ocrx_word' id='word_1_39' title='bbox 463 824 562 897; x_wconf 89' lang='lat' dir='ltr'>Nihil</span> <span class='ocrx_word' id='word_1_40' title='bbox 577 839 630 896; x_wconf 90' lang='lat' dir='ltr'>est</span> <span class='ocrx_word' id='word_1_41' title='bbox 645 827 741 896; x_wconf 90' lang='lat' dir='ltr'>enim</span> <span class='ocrx_word' id='word_1_42' title='bbox 758 841 830 897; x_wconf 87' lang='lat' dir='ltr'>tam</span> <span class='ocrx_word' id='word_1_43' title='bbox 844 827 1002 898; x_wconf 88' lang='lat' dir='ltr'>alienum</span> <span class='ocrx_word' id='word_1_44' title='bbox 1016 828 1137 919; x_wconf 88' lang='lat' dir='ltr'>abeo,</span> 
     </span>
     <span class='ocr_line' id='line_1_6' title="bbox 10 936 1139 1035; baseline 0.003 -27"><span class='ocrx_word' id='word_1_45' title='bbox 10 949 33 991; x_wconf 56' lang='lat' dir='ltr'>t</span> <span class='ocrx_word' id='word_1_46' title='bbox 72 940 125 1035; x_wconf 86' lang='lat' dir='ltr'>qui</span> <span class='ocrx_word' id='word_1_47' title='bbox 140 938 306 1011; x_wconf 86' lang='lat' dir='ltr'>alterum</span> <span class='ocrx_word' id='word_1_48' title='bbox 329 936 586 1032; x_wconf 86' lang='lat' dir='ltr'>conjurationis</span> <span class='ocrx_word' id='word_1_49' title='bbox 607 951 771 1024; x_wconf 86' lang='lat' dir='ltr'>accuset,</span> <span class='ocrx_word' id='word_1_50' title='bbox 789 960 898 1034; x_wconf 84' lang='lat' dir='ltr'>quarn</span> <span class='ocrx_word' id='word_1_51' title='bbox 914 938 1027 1009; x_wconf 90' lang='lat' dir='ltr'>videri</span> <span class='ocrx_word' id='word_1_52' title='bbox 1049 964 1139 1011; x_wconf 90' lang='lat' dir='ltr'>con·</span> 
     </span>
     <span class='ocr_line' id='line_1_7' title="bbox 17 1034 1137 1146; baseline -0.001 -26"><span class='ocrx_word' id='word_1_53' title='bbox 17 1034 25 1041; x_wconf 53' lang='grc'><strong>’</strong></span> <span class='ocrx_word' id='word_1_54' title='bbox 66 1048 267 1142; x_wconf 84' lang='lat' dir='ltr'>juratorum</span> <span class='ocrx_word' id='word_1_55' title='bbox 291 1070 439 1145; x_wconf 85' lang='lat' dir='ltr'>poenam</span> <span class='ocrx_word' id='word_1_56' title='bbox 465 1062 695 1143; x_wconf 86' lang='lat' dir='ltr'>mortemque</span> <span class='ocrx_word' id='word_1_57' title='bbox 718 1046 853 1143; x_wconf 85' lang='lat' dir='ltr'>lugere.</span> <span class='ocrx_word' id='word_1_58' title='bbox 880 1048 991 1138; x_wconf 92' lang='lat' dir='ltr'>Quod</span> <span class='ocrx_word' id='word_1_59' title='bbox 1021 1073 1137 1146; x_wconf 88' lang='lat' dir='ltr'>quum</span> 
     </span>
     <span class='ocr_line' id='line_1_8' title="bbox 10 1155 1137 1255; baseline -0.001 -24"><span class='ocrx_word' id='word_1_60' title='bbox 10 1198 17 1221; x_wconf 68' lang='grc' dir='ltr'><strong>ι</strong></span> <span class='ocrx_word' id='word_1_61' title='bbox 66 1156 287 1231; x_wconf 77' lang='lat' dir='ltr'>isuibunus</span> <span class='ocrx_word' id='word_1_62' title='bbox 311 1155 470 1255; x_wconf 80' lang='lat' dir='ltr'>plebis¹²</span> <span class='ocrx_word' id='word_1_63' title='bbox 495 1155 602 1241; x_wconf 86' lang='lat' dir='ltr'>facit,</span> <span class='ocrx_word' id='word_1_64' title='bbox 622 1160 685 1254; x_wconf 90' lang='lat' dir='ltr'>qui</span> <span class='ocrx_word' id='word_1_65' title='bbox 710 1181 806 1229; x_wconf 91' lang='lat' dir='ltr'>unus</span> <span class='ocrx_word' id='word_1_66' title='bbox 830 1157 975 1229; x_wconf 90' lang='lat' dir='ltr'>videtur</span> <span class='ocrx_word' id='word_1_67' title='bbox 996 1183 1043 1230; x_wconf 84' lang='lat' dir='ltr'>ex</span> <span class='ocrx_word' id='word_1_68' title='bbox 1067 1159 1137 1231; x_wconf 89' lang='lat' dir='ltr'>illis</span> 
     </span>
     <span class='ocr_line' id='line_1_9' title="bbox 65 1266 1136 1369; baseline 0.002 -30"><span class='ocrx_word' id='word_1_69' title='bbox 65 1266 102 1339; x_wconf 88' lang='lat' dir='ltr'>ad</span> <span class='ocrx_word' id='word_1_70' title='bbox 113 1266 304 1369; x_wconf 78' lang='lat' dir='ltr'>lugendos</span> <span class='ocrx_word' id='word_1_71' title='bbox 318 1268 527 1364; x_wconf 87' lang='lat' dir='ltr'>conjuratos</span> <span class='ocrx_word' id='word_1_72' title='bbox 542 1268 709 1355; x_wconf 90' lang='lat' dir='ltr'>relictus,</span> <span class='ocrx_word' id='word_1_73' title='bbox 729 1293 806 1339; x_wconf 93' lang='lat' dir='ltr'>non</span> <span class='ocrx_word' id='word_1_74' title='bbox 825 1270 959 1340; x_wconf 89' lang='lat' dir='ltr'>mirum</span> <span class='ocrx_word' id='word_1_75' title='bbox 977 1284 1029 1341; x_wconf 84' lang='lat' dir='ltr'>est</span> <span class='ocrx_word' id='word_1_76' title='bbox 1042 1297 1050 1339; x_wconf 73' lang='grc' dir='ltr'><strong>ι</strong></span> <span class='ocrx_word' id='word_1_77' title='bbox 1065 1268 1136 1341; x_wconf 89' lang='lat' dir='ltr'>dif-</span> 
     </span>
     <span class='ocr_line' id='line_1_10' title="bbox 63 1374 1134 1477; baseline 0.001 -27"><span class='ocrx_word' id='word_1_78' title='bbox 63 1374 148 1450; x_wconf 77' lang='lat' dir='ltr'>tale</span> <span class='ocrx_word' id='word_1_79' title='bbox 166 1392 227 1450; x_wconf 70' lang='lat' dir='ltr'>est</span> <span class='ocrx_word' id='word_1_80' title='bbox 242 1378 347 1449; x_wconf 87' lang='lat' dir='ltr'>enim</span> <span class='ocrx_word' id='word_1_81' title='bbox 362 1392 499 1465; x_wconf 86' lang='lat' dir='ltr'>tacere,</span> <span class='ocrx_word' id='word_1_82' title='bbox 520 1402 635 1475; x_wconf 90' lang='lat' dir='ltr'>quum</span> <span class='ocrx_word' id='word_1_83' title='bbox 650 1376 783 1449; x_wconf 86' lang='lat' dir='ltr'>doleas.</span> <span class='ocrx_word' id='word_1_84' title='bbox 802 1382 869 1465; x_wconf 90' lang='lat' dir='ltr'>Te,</span> <span class='ocrx_word' id='word_1_85' title='bbox 887 1378 1020 1477; x_wconf 87' lang='lat' dir='ltr'>siquid</span> <span class='ocrx_word' id='word_1_86' title='bbox 1039 1381 1134 1475; x_wconf 85' lang='lat' dir='ltr'>ejus·</span> 
     </span>
     <span class='ocr_line' id='line_1_11' title="bbox 60 1486 1137 1577; baseline 0.001 -16"><span class='ocrx_word' id='word_1_87' title='bbox 60 1487 155 1560; x_wconf 84' lang='lat' dir='ltr'>nodi</span> <span class='ocrx_word' id='word_1_88' title='bbox 175 1486 292 1577; x_wconf 85' lang='lat' dir='ltr'>sacis,</span> <span class='ocrx_word' id='word_1_89' title='bbox 312 1512 391 1559; x_wconf 91' lang='lat' dir='ltr'>non</span> <span class='ocrx_word' id='word_1_90' title='bbox 407 1487 518 1560; x_wconf 89' lang='lat' dir='ltr'>modo</span> <span class='ocrx_word' id='word_1_91' title='bbox 536 1489 645 1559; x_wconf 89' lang='lat' dir='ltr'>talem</span> <span class='ocrx_word' id='word_1_92' title='bbox 662 1488 948 1576; x_wconf 82' lang='lat' dir='ltr'>adolescentem,</span> <span class='ocrx_word' id='word_1_93' title='bbox 967 1489 1031 1561; x_wconf 89' lang='lat' dir='ltr'>sed</span> <span class='ocrx_word' id='word_1_94' title='bbox 1044 1493 1079 1560; x_wconf 93' lang='lat' dir='ltr'>in</span> <span class='ocrx_word' id='word_1_95' title='bbox 1094 1515 1137 1562; x_wconf 84' lang='lat' dir='ltr'>ea</span> 
     </span>
     <span class='ocr_line' id='line_1_12' title="bbox 58 1598 1136 1695; baseline 0.004 -27"><span class='ocrx_word' id='word_1_96' title='bbox 58 1620 183 1683; x_wconf 80' lang='lat' dir='ltr'>eausa,</span> <span class='ocrx_word' id='word_1_97' title='bbox 209 1598 251 1668; x_wconf 92' lang='lat' dir='ltr'>in</span> <span class='ocrx_word' id='word_1_98' title='bbox 277 1621 352 1695; x_wconf 86' lang='lat' dir='ltr'>qua</span> <span class='ocrx_word' id='word_1_99' title='bbox 378 1612 413 1669; x_wconf 92' lang='lat' dir='ltr'>te</span> <span class='ocrx_word' id='word_1_100' title='bbox 436 1598 615 1669; x_wconf 89' lang='lat' dir='ltr'>vindicem</span> <span class='ocrx_word' id='word_1_101' title='bbox 640 1599 902 1694; x_wconf 87' lang='lat' dir='ltr'>conjurationis</span> <span class='ocrx_word' id='word_1_102' title='bbox 925 1601 1013 1671; x_wconf 84' lang='lat' dir='ltr'>velis</span> <span class='ocrx_word' id='word_1_103' title='bbox 1037 1624 1136 1688; x_wconf 87' lang='lat' dir='ltr'>esse,</span> 
     </span>
     <span class='ocr_line' id='line_1_13' title="bbox 55 1708 1141 1806; baseline 0.002 -26"><span class='ocrx_word' id='word_1_104' title='bbox 55 1708 302 1781; x_wconf 77' lang='lat' dir='ltr'>vehementer</span> <span class='ocrx_word' id='word_1_105' title='bbox 329 1709 496 1780; x_wconf 88' lang='lat' dir='ltr'>admiror.</span> <span class='ocrx_word' id='word_1_106' title='bbox 529 1708 601 1781; x_wconf 89' lang='lat' dir='ltr'>Sed</span> <span class='ocrx_word' id='word_1_107' title='bbox 636 1710 867 1806; x_wconf 88' lang='lat' dir='ltr'>reprehendo</span> <span class='ocrx_word' id='word_1_108' title='bbox 899 1725 1019 1781; x_wconf 87' lang='lat' dir='ltr'>tamen</span> <span class='ocrx_word' id='word_1_109' title='bbox 1047 1711 1141 1782; x_wconf 92' lang='lat' dir='ltr'>illud·</span> 
     </span>
     <span class='ocr_line' id='line_1_14' title="bbox 53 1817 1136 1918; baseline 0.001 -27"><span class='ocrx_word' id='word_1_110' title='bbox 53 1824 239 1908; x_wconf 81' lang='lat' dir='ltr'>maxime,</span> <span class='ocrx_word' id='word_1_111' title='bbox 267 1817 393 1917; x_wconf 90' lang='lat' dir='ltr'>quod,</span> <span class='ocrx_word' id='word_1_112' title='bbox 414 1824 484 1891; x_wconf 86' lang='lat' dir='ltr'>isto</span> <span class='ocrx_word' id='word_1_113' title='bbox 509 1821 655 1917; x_wconf 83' lang='lat' dir='ltr'>ingenio</span> <span class='ocrx_word' id='word_1_114' title='bbox 677 1834 715 1892; x_wconf 89' lang='lat' dir='ltr'>et</span> <span class='ocrx_word' id='word_1_115' title='bbox 736 1819 929 1918; x_wconf 87' lang='lat' dir='ltr'>prudentia</span> <span class='ocrx_word' id='word_1_116' title='bbox 948 1820 1136 1918; x_wconf 69' lang='lat' dir='ltr'>praeditus,</span> 
     </span>
     <span class='ocr_line' id='line_1_15' title="bbox 53 1928 1136 2029; baseline 0.002 -29"><span class='ocrx_word' id='word_1_117' title='bbox 53 1952 203 2001; x_wconf 66' lang='lat' dir='ltr'>eanum</span> <span class='ocrx_word' id='word_1_118' title='bbox 228 1928 441 2028; x_wconf 66' lang='lat' dir='ltr'>reipublicae</span> <span class='ocrx_word' id='word_1_119' title='bbox 462 1955 538 2002; x_wconf 93' lang='lat' dir='ltr'>non</span> <span class='ocrx_word' id='word_1_120' title='bbox 559 1942 712 2018; x_wconf 83' lang='lat' dir='ltr'>tenes¹²,</span> <span class='ocrx_word' id='word_1_121' title='bbox 735 1934 798 2027; x_wconf 91' lang='lat' dir='ltr'>qui</span> <span class='ocrx_word' id='word_1_122' title='bbox 818 1930 1014 2020; x_wconf 81' lang='lat' dir='ltr'>arbitrere,</span> <span class='ocrx_word' id='word_1_123' title='bbox 1037 1931 1136 2029; x_wconf 90' lang='lat' dir='ltr'>plebi</span> 
     </span>
     <span class='ocr_line' id='line_1_16' title="bbox 52 2041 1135 2139; baseline 0 -28"><span class='ocrx_word' id='word_1_124' title='bbox 52 2062 224 2111; x_wconf 80' lang='lat' dir='ltr'>romanae</span> <span class='ocrx_word' id='word_1_125' title='bbox 243 2064 305 2113; x_wconf 78' lang='lat' dir='ltr'>res</span> <span class='ocrx_word' id='word_1_126' title='bbox 323 2064 384 2112; x_wconf 84' lang='lat' dir='ltr'>eas</span> <span class='ocrx_word' id='word_1_127' title='bbox 404 2065 481 2112; x_wconf 92' lang='lat' dir='ltr'>non</span> <span class='ocrx_word' id='word_1_128' title='bbox 499 2041 665 2139; x_wconf 88' lang='lat' dir='ltr'>probari,</span> <span class='ocrx_word' id='word_1_129' title='bbox 678 2066 787 2138; x_wconf 86' lang='lat' dir='ltr'>quas,</span> <span class='ocrx_word' id='word_1_130' title='bbox 799 2066 858 2111; x_wconf 86' lang='lat' dir='ltr'>me</span> <span class='ocrx_word' id='word_1_131' title='bbox 872 2041 1040 2129; x_wconf 89' lang='lat' dir='ltr'>consule,</span> <span class='ocrx_word' id='word_1_132' title='bbox 1055 2064 1135 2111; x_wconf 91' lang='lat' dir='ltr'>om·</span> 
     </span>
     <span class='ocr_line' id='line_1_17' title="bbox 54 2148 890 2247; baseline -0.002 -26"><span class='ocrx_word' id='word_1_133' title='bbox 54 2172 119 2221; x_wconf 79' lang='lat' dir='ltr'>nes</span> <span class='ocrx_word' id='word_1_134' title='bbox 140 2148 241 2221; x_wconf 90' lang='lat' dir='ltr'>boni</span> <span class='ocrx_word' id='word_1_135' title='bbox 263 2172 334 2247; x_wconf 91' lang='lat' dir='ltr'>pro</span> <span class='ocrx_word' id='word_1_136' title='bbox 351 2150 465 2222; x_wconf 87' lang='lat' dir='ltr'>salute</span> <span class='ocrx_word' id='word_1_137' title='bbox 483 2153 670 2223; x_wconf 86' lang='lat' dir='ltr'>communi</span> <span class='ocrx_word' id='word_1_138' title='bbox 691 2164 890 2247; x_wconf 84' lang='lat' dir='ltr'>gesserunt.</span> 
     </span>
     <span class='ocr_line' id='line_1_18' title="bbox 98 2256 1136 2359; baseline -0.002 -28"><span class='ocrx_word' id='word_1_139' title='bbox 98 2262 167 2331; x_wconf 83' lang='lat' dir='ltr'>xl.</span> <span class='ocrx_word' id='word_1_140' title='bbox 202 2264 391 2357; x_wconf 73' lang='lat' dir='ltr'>Ecquem¹</span> <span class='ocrx_word' id='word_1_141' title='bbox 420 2260 640 2348; x_wconf 84' lang='lat' dir='ltr'>tuborum,</span> <span class='ocrx_word' id='word_1_142' title='bbox 668 2262 732 2359; x_wconf 93' lang='lat' dir='ltr'>qui</span> <span class='ocrx_word' id='word_1_143' title='bbox 761 2260 911 2348; x_wconf 85' lang='lat' dir='ltr'>adsunt,</span> <span class='ocrx_word' id='word_1_144' title='bbox 938 2256 1074 2356; x_wconf 91' lang='lat' dir='ltr'>quibus</span> <span class='ocrx_word' id='word_1_145' title='bbox 1099 2270 1136 2329; x_wconf 89' lang='lat' dir='ltr'>te</span> 
     </span>
     <span class='ocr_line' id='line_1_19' title="bbox 56 2369 1138 2468; baseline 0.001 -29"><span class='ocrx_word' id='word_1_146' title='bbox 56 2382 186 2440; x_wconf 71' lang='lat' dir='ltr'>annm</span> <span class='ocrx_word' id='word_1_147' title='bbox 208 2370 376 2468; x_wconf 88' lang='lat' dir='ltr'>ipsorum</span> <span class='ocrx_word' id='word_1_148' title='bbox 395 2370 622 2443; x_wconf 76' lang='lat' dir='ltr'>voluntatem</span> <span class='ocrx_word' id='word_1_149' title='bbox 643 2369 875 2455; x_wconf 83' lang='lat' dir='ltr'>venditabas,</span> <span class='ocrx_word' id='word_1_150' title='bbox 893 2384 956 2441; x_wconf 91' lang='lat' dir='ltr'>aut</span> <span class='ocrx_word' id='word_1_151' title='bbox 974 2382 1046 2440; x_wconf 85' lang='lat' dir='ltr'>tarn</span> <span class='ocrx_word' id='word_1_152' title='bbox 1066 2392 1138 2440; x_wconf 87' lang='lat' dir='ltr'>sce·</span> 
     </span>
     <span class='ocr_line' id='line_1_20' title="bbox 55 2475 1137 2577; baseline 0 -28"><span class='ocrx_word' id='word_1_153' title='bbox 55 2475 218 2549; x_wconf 78' lang='lat' dir='ltr'>lentarm</span> <span class='ocrx_word' id='word_1_154' title='bbox 239 2481 369 2550; x_wconf 85' lang='lat' dir='ltr'>statuis</span> <span class='ocrx_word' id='word_1_155' title='bbox 390 2478 519 2569; x_wconf 87' lang='lat' dir='ltr'>fuisse,</span> <span class='ocrx_word' id='word_1_156' title='bbox 538 2497 581 2552; x_wconf 90' lang='lat' dir='ltr'>ut</span> <span class='ocrx_word' id='word_1_157' title='bbox 599 2482 674 2552; x_wconf 70' lang='lat' dir='ltr'>haec</span> <span class='ocrx_word' id='word_1_158' title='bbox 693 2482 816 2552; x_wconf 88' lang='lat' dir='ltr'>omnia</span> <span class='ocrx_word' id='word_1_159' title='bbox 835 2482 953 2577; x_wconf 89' lang='lat' dir='ltr'>perire</span> <span class='ocrx_word' id='word_1_160' title='bbox 965 2479 1137 2567; x_wconf 84' lang='lat' dir='ltr'>voluerit,</span> 
     </span>
    </p>
   </div>
   <div class='ocr_carea' id='block_1_3' title="bbox 55 2588 1136 2691">
    <p class='ocr_par' dir='ltr' id='par_1_3' title="bbox 55 2588 1136 2691">
     <span class='ocr_line' id='line_1_21' title="bbox 55 2588 1136 2691; baseline 0.001 -32"><span class='ocrx_word' id='word_1_161' title='bbox 55 2604 118 2660; x_wconf 87' lang='lat' dir='ltr'>aut</span> <span class='ocrx_word' id='word_1_162' title='bbox 142 2604 226 2660; x_wconf 83' lang='lat' dir='ltr'>tam</span> <span class='ocrx_word' id='word_1_163' title='bbox 246 2591 442 2680; x_wconf 87' lang='lat' dir='ltr'>miserum,</span> <span class='ocrx_word' id='word_1_164' title='bbox 469 2606 568 2663; x_wconf 90' lang='lat' dir='ltr'>utet</span> <span class='ocrx_word' id='word_1_165' title='bbox 589 2617 627 2664; x_wconf 90' lang='lat' dir='ltr'>se</span> <span class='ocrx_word' id='word_1_166' title='bbox 649 2595 769 2691; x_wconf 88' lang='lat' dir='ltr'>perire</span> <span class='ocrx_word' id='word_1_167' title='bbox 789 2605 958 2690; x_wconf 89' lang='lat' dir='ltr'>cuperet,</span> <span class='ocrx_word' id='word_1_168' title='bbox 983 2604 1020 2660; x_wconf 86' lang='lat' dir='ltr'>et</span> <span class='ocrx_word' id='word_1_169' title='bbox 1044 2588 1136 2660; x_wconf 88' lang='lat' dir='ltr'>nibil</span> 
     </span>
    </p>
   </div>
   <div class='ocr_carea' id='block_1_4' title="bbox 51 2846 1135 4190">
    <p class='ocr_par' dir='ltr' id='par_1_4' title="bbox 51 2846 1133 3151">
     <span class='ocr_line' id='line_1_22' title="bbox 86 2846 1133 2915; baseline -0.002 -19"><span class='ocrx_word' id='word_1_170' title='bbox 86 2862 115 2911; x_wconf 77' lang='grc'>9.</span> <span class='ocrx_word' id='word_1_171' title='bbox 125 2847 226 2911; x_wconf 63' lang='grc' dir='ltr'>Φῦιε</span> <span class='ocrx_word' id='word_1_172' title='bbox 236 2847 579 2915; x_wconf 71' lang='lat' dir='ltr'>aenenalitadat.Vitnperann</span> <span class='ocrx_word' id='word_1_173' title='bbox 621 2865 736 2897; x_wconf 84' lang='lat' dir='ltr'>eeronern</span> <span class='ocrx_word' id='word_1_174' title='bbox 748 2848 879 2897; x_wconf 75' lang='lat' dir='ltr'>consulatu</span> <span class='ocrx_word' id='word_1_175' title='bbox 887 2846 1017 2895; x_wconf 86' lang='lat' dir='ltr'>abeuntem</span> <span class='ocrx_word' id='word_1_176' title='bbox 1031 2847 1133 2895; x_wconf 84' lang='lat' dir='ltr'>conelo·</span> 
     </span>
     <span class='ocr_line' id='line_1_23' title="bbox 52 2927 1133 2994; baseline 0 -19"><span class='ocrx_word' id='word_1_177' title='bbox 52 2942 92 2985; x_wconf 85' lang='lat' dir='ltr'>aa,</span> <span class='ocrx_word' id='word_1_178' title='bbox 102 2944 163 2991; x_wconf 71' lang='lat' dir='ltr'>qu</span> <span class='ocrx_word' id='word_1_179' title='bbox 171 2928 248 2977; x_wconf 74' lang='lat' dir='ltr'>ulis</span> <span class='ocrx_word' id='word_1_180' title='bbox 258 2928 433 2993; x_wconf 73' lang='lat' dir='ltr'>displicebant,</span> <span class='ocrx_word' id='word_1_181' title='bbox 447 2940 528 2994; x_wconf 81' lang='lat' dir='ltr'>partes</span> <span class='ocrx_word' id='word_1_182' title='bbox 534 2946 577 2978; x_wconf 89' lang='lat' dir='ltr'>eo-</span> <span class='ocrx_word' id='word_1_183' title='bbox 621 2929 659 2976; x_wconf 87' lang='lat' dir='ltr'>nia</span> <span class='ocrx_word' id='word_1_184' title='bbox 672 2928 789 2976; x_wconf 73' lang='lat' dir='ltr'>habende</span> <span class='ocrx_word' id='word_1_185' title='bbox 800 2928 929 2993; x_wconf 75' lang='lat' dir='ltr'>privaverit</span> <span class='ocrx_word' id='word_1_186' title='bbox 944 2937 1063 2991; x_wconf 78' lang='lat' dir='ltr'>potestate</span> <span class='ocrx_word' id='word_1_187' title='bbox 1071 2927 1133 2985; x_wconf 86' lang='lat' dir='ltr'>,cla-</span> 
     </span>
     <span class='ocr_line' id='line_1_24' title="bbox 52 3006 1131 3071; baseline 0 -17"><span class='ocrx_word' id='word_1_188' title='bbox 52 3020 107 3054; x_wconf 70' lang='lat' dir='ltr'>m</span> <span class='ocrx_word' id='word_1_189' title='bbox 119 3008 195 3071; x_wconf 74' lang='lat' dir='ltr'>nequi</span> <span class='ocrx_word' id='word_1_190' title='bbox 211 3006 404 3057; x_wconf 69' lang='lat' dir='ltr'>videturne-</span> <span class='ocrx_word' id='word_1_191' title='bbox 420 3009 576 3058; x_wconf 76' lang='lat' dir='ltr'>Probabatis.</span> <span class='ocrx_word' id='word_1_192' title='bbox 621 3024 702 3066; x_wconf 83' lang='lat' dir='ltr'>mans,</span> <span class='ocrx_word' id='word_1_193' title='bbox 722 3009 764 3071; x_wconf 88' lang='lat' dir='ltr'>qni</span> <span class='ocrx_word' id='word_1_194' title='bbox 779 3010 806 3054; x_wconf 93' lang='lat' dir='ltr'>in</span> <span class='ocrx_word' id='word_1_195' title='bbox 825 3008 886 3054; x_wconf 77' lang='lat' dir='ltr'>alios</span> <span class='ocrx_word' id='word_1_196' title='bbox 902 3006 1131 3065; x_wconf 77' lang='lat' dir='ltr'>animadvertisset,</span> 
     </span>
     <span class='ocr_line' id='line_1_25' title="bbox 51 3085 1132 3151; baseline -0.001 -17"><span class='ocrx_word' id='word_1_197' title='bbox 51 3085 179 3134; x_wconf 67' lang='lat' dir='ltr'>halantia.</span> <span class='ocrx_word' id='word_1_198' title='bbox 620 3088 710 3136; x_wconf 82' lang='lat' dir='ltr'>indicta</span> <span class='ocrx_word' id='word_1_199' title='bbox 720 3106 790 3135; x_wconf 85' lang='lat' dir='ltr'>cansa</span> <span class='ocrx_word' id='word_1_200' title='bbox 800 3124 808 3145; x_wconf 92' lang='lat'>,</span> <span class='ocrx_word' id='word_1_201' title='bbox 820 3086 918 3136; x_wconf 85' lang='lat' dir='ltr'>dicendi</span> <span class='ocrx_word' id='word_1_202' title='bbox 930 3088 976 3150; x_wconf 80' lang='lat' dir='ltr'>ipsi</span> <span class='ocrx_word' id='word_1_203' title='bbox 987 3096 1132 3151; x_wconf 81' lang='lat' dir='ltr'>potestatem</span> 
     </span>
    </p>

    <p class='ocr_par' dir='ltr' id='par_1_5' title="bbox 52 3164 1135 3949">
     <span class='ocr_line' id='line_1_26' title="bbox 88 3164 1132 3233; baseline 0 -20"><span class='ocrx_word' id='word_1_204' title='bbox 88 3180 133 3214; x_wconf 82' lang='lat' dir='ltr'>ao.</span> <span class='ocrx_word' id='word_1_205' title='bbox 150 3166 271 3213; x_wconf 68' lang='lat' dir='ltr'>Altam</span> <span class='ocrx_word' id='word_1_206' title='bbox 281 3164 341 3231; x_wconf 74' lang='lat' dir='ltr'>jem</span> <span class='ocrx_word' id='word_1_207' title='bbox 358 3169 464 3215; x_wconf 78' lang='lat' dir='ltr'>oratorr&#39;s</span> <span class='ocrx_word' id='word_1_208' title='bbox 474 3168 573 3216; x_wconf 80' lang='lat' dir='ltr'>vitiam.</span> <span class='ocrx_word' id='word_1_209' title='bbox 619 3166 672 3215; x_wconf 80' lang='lat' dir='ltr'>fieri</span> <span class='ocrx_word' id='word_1_210' title='bbox 686 3183 736 3215; x_wconf 89' lang='lat' dir='ltr'>non</span> <span class='ocrx_word' id='word_1_211' title='bbox 746 3178 868 3233; x_wconf 84' lang='lat' dir='ltr'>oportere.</span> <span class='ocrx_word' id='word_1_212' title='bbox 881 3167 928 3214; x_wconf 79' lang='lat' dir='ltr'>Alii</span> <span class='ocrx_word' id='word_1_213' title='bbox 938 3170 965 3215; x_wconf 88' lang='lat' dir='ltr'>L.</span> <span class='ocrx_word' id='word_1_214' title='bbox 972 3166 1132 3231; x_wconf 78' lang='lat' dir='ltr'>Calpurnium</span> 
     </span>
     <span class='ocr_line' id='line_1_27' title="bbox 53 3244 1132 3310; baseline 0 -17"><span class='ocrx_word' id='word_1_215' title='bbox 53 3246 87 3293; x_wconf 75' lang='lat' dir='ltr'>[t</span> <span class='ocrx_word' id='word_1_216' title='bbox 95 3244 244 3293; x_wconf 70' lang='lat' dir='ltr'>meduan</span> <span class='ocrx_word' id='word_1_217' title='bbox 254 3246 349 3293; x_wconf 80' lang='lat' dir='ltr'>oratori</span> <span class='ocrx_word' id='word_1_218' title='bbox 358 3258 395 3294; x_wconf 79' lang='lat' dir='ltr'>eat</span> <span class='ocrx_word' id='word_1_219' title='bbox 403 3263 435 3295; x_wconf 80' lang='lat' dir='ltr'>ne</span> <span class='ocrx_word' id='word_1_220' title='bbox 445 3247 576 3295; x_wconf 77' lang='lat' dir='ltr'>adversarii</span> <span class='ocrx_word' id='word_1_221' title='bbox 620 3248 722 3294; x_wconf 67' lang='lat' dir='ltr'>Batiam</span> <span class='ocrx_word' id='word_1_222' title='bbox 737 3248 888 3303; x_wconf 83' lang='lat' dir='ltr'>existimant;</span> <span class='ocrx_word' id='word_1_223' title='bbox 897 3262 986 3310; x_wconf 83' lang='lat' dir='ltr'>nempe</span> <span class='ocrx_word' id='word_1_224' title='bbox 999 3249 1063 3294; x_wconf 87' lang='lat' dir='ltr'>inter</span> <span class='ocrx_word' id='word_1_225' title='bbox 1076 3262 1132 3293; x_wconf 84' lang='lat' dir='ltr'>con·</span> 
     </span>
     <span class='ocr_line' id='line_1_28' title="bbox 52 3324 1135 3388; baseline -0.001 -15"><span class='ocrx_word' id='word_1_226' title='bbox 52 3324 460 3388; x_wconf 66' lang='lat' dir='ltr'>nninpndenteradjnveu</span> <span class='ocrx_word' id='word_1_227' title='bbox 472 3328 504 3375; x_wconf 89' lang='lat' dir='ltr'>ita</span> <span class='ocrx_word' id='word_1_228' title='bbox 512 3328 575 3375; x_wconf 83' lang='lat' dir='ltr'>rnul-</span> <span class='ocrx_word' id='word_1_229' title='bbox 618 3327 711 3387; x_wconf 83' lang='lat' dir='ltr'>juratos</span> <span class='ocrx_word' id='word_1_230' title='bbox 724 3344 738 3375; x_wconf 93' lang='lat' dir='ltr'>a</span> <span class='ocrx_word' id='word_1_231' title='bbox 753 3327 869 3376; x_wconf 74' lang='lat' dir='ltr'>Sallustio</span> <span class='ocrx_word' id='word_1_232' title='bbox 887 3336 1037 3379; x_wconf 81' lang='lat' dir='ltr'>numeratur,</span> <span class='ocrx_word' id='word_1_233' title='bbox 1057 3334 1082 3371; x_wconf 91' lang='lat' dir='ltr'>et</span> <span class='ocrx_word' id='word_1_234' title='bbox 1093 3340 1135 3372; x_wconf 83' lang='lat' dir='ltr'>eo·</span> 
     </span>
     <span class='ocr_line' id='line_1_29' title="bbox 53 3405 1133 3475; baseline -0.005 -13"><span class='ocrx_word' id='word_1_235' title='bbox 53 3412 80 3451; x_wconf 59' lang='grc' dir='ltr'>Ὦ</span> <span class='ocrx_word' id='word_1_236' title='bbox 93 3405 196 3468; x_wconf 53' lang='grc' dir='ltr'>ΙΨ,</span> <span class='ocrx_word' id='word_1_237' title='bbox 216 3405 318 3469; x_wconf 63' lang='grc' dir='ltr'>Νφῖἆ</span> <span class='ocrx_word' id='word_1_238' title='bbox 331 3405 416 3463; x_wconf 60' lang='grc' dir='ltr'>ὅθί.</span> <span class='ocrx_word' id='word_1_239' title='bbox 429 3406 496 3470; x_wconf 69' lang='grc' dir='ltr'><strong>(111ῠᾶ</strong></span> <span class='ocrx_word' id='word_1_240' title='bbox 509 3422 576 3453; x_wconf 75' lang='lat' dir='ltr'>m</span> <span class='ocrx_word' id='word_1_241' title='bbox 620 3409 676 3456; x_wconf 86' lang='lat' dir='ltr'>dena</span> <span class='ocrx_word' id='word_1_242' title='bbox 702 3420 812 3475; x_wconf 89' lang='lat' dir='ltr'>ternpore</span> <span class='ocrx_word' id='word_1_243' title='bbox 835 3410 950 3459; x_wconf 83' lang='lat' dir='ltr'>tribunus</span> <span class='ocrx_word' id='word_1_244' title='bbox 969 3408 1049 3472; x_wconf 85' lang='lat' dir='ltr'>plebia</span> <span class='ocrx_word' id='word_1_245' title='bbox 1078 3408 1133 3457; x_wconf 80' lang='lat' dir='ltr'>luit.</span> 
     </span>
     <span class='ocr_line' id='line_1_30' title="bbox 53 3480 1131 3552; baseline 0.006 -22"><span class='ocrx_word' id='word_1_246' title='bbox 53 3480 251 3531; x_wconf 60' lang='lat' dir='ltr'>mlada.</span> <span class='ocrx_word' id='word_1_247' title='bbox 262 3482 340 3546; x_wconf 80' lang='lat' dir='ltr'>Quod</span> <span class='ocrx_word' id='word_1_248' title='bbox 350 3484 426 3547; x_wconf 70' lang='lat' dir='ltr'>igitur</span> <span class='ocrx_word' id='word_1_249' title='bbox 436 3486 576 3544; x_wconf 79' lang='lat' dir='ltr'>conjurato·</span> <span class='ocrx_word' id='word_1_250' title='bbox 619 3489 748 3552; x_wconf 82' lang='lat' dir='ltr'>Quidquid</span> <span class='ocrx_word' id='word_1_251' title='bbox 757 3490 783 3537; x_wconf 87' lang='lat' dir='ltr'>id</span> <span class='ocrx_word' id='word_1_252' title='bbox 796 3500 845 3547; x_wconf 85' lang='lat' dir='ltr'>est,</span> <span class='ocrx_word' id='word_1_253' title='bbox 854 3492 944 3539; x_wconf 80' lang='lat' dir='ltr'>Cicero</span> <span class='ocrx_word' id='word_1_254' title='bbox 954 3500 1020 3536; x_wconf 88' lang='lat' dir='ltr'>tanta</span> <span class='ocrx_word' id='word_1_255' title='bbox 1033 3488 1079 3535; x_wconf 80' lang='lat' dir='ltr'>luit</span> <span class='ocrx_word' id='word_1_256' title='bbox 1088 3488 1131 3537; x_wconf 84' lang='lat' dir='ltr'>be·</span> 
     </span>
     <span class='ocr_line' id='line_1_31' title="bbox 53 3562 1132 3631; baseline 0.006 -23"><span class='ocrx_word' id='word_1_257' title='bbox 53 3576 106 3609; x_wconf 77' lang='grc' dir='ltr'>ιι</span> <span class='ocrx_word' id='word_1_258' title='bbox 123 3578 228 3626; x_wconf 77' lang='lat' dir='ltr'>poennn</span> <span class='ocrx_word' id='word_1_259' title='bbox 240 3562 502 3627; x_wconf 73' lang='lat' dir='ltr'>mortunqnelngeat,</span> <span class='ocrx_word' id='word_1_260' title='bbox 518 3580 577 3612; x_wconf 85' lang='lat' dir='ltr'>eon·</span> <span class='ocrx_word' id='word_1_261' title='bbox 621 3568 754 3631; x_wconf 79' lang='lat' dir='ltr'>nignitate,</span> <span class='ocrx_word' id='word_1_262' title='bbox 767 3582 796 3617; x_wconf 92' lang='lat' dir='ltr'>nt</span> <span class='ocrx_word' id='word_1_263' title='bbox 807 3569 875 3616; x_wconf 76' lang='lat' dir='ltr'>illius</span> <span class='ocrx_word' id='word_1_264' title='bbox 886 3584 982 3616; x_wconf 78' lang='lat' dir='ltr'>causam</span> <span class='ocrx_word' id='word_1_265' title='bbox 996 3566 1132 3615; x_wconf 71' lang='lat' dir='ltr'>defenderit</span> 
     </span>
     <span class='ocr_line' id='line_1_32' title="bbox 52 3640 760 3711; baseline 0.01 -22"><span class='ocrx_word' id='word_1_266' title='bbox 52 3640 206 3701; x_wconf 70' lang='lat' dir='ltr'>irationem</span> <span class='ocrx_word' id='word_1_267' title='bbox 217 3640 324 3704; x_wconf 71' lang='lat' dir='ltr'>proban</span> <span class='ocrx_word' id='word_1_268' title='bbox 336 3640 443 3702; x_wconf 75' lang='lat' dir='ltr'>videtur,</span> <span class='ocrx_word' id='word_1_269' title='bbox 456 3642 524 3706; x_wconf 84' lang='lat' dir='ltr'>qnod</span> <span class='ocrx_word' id='word_1_270' title='bbox 534 3660 577 3691; x_wconf 86' lang='lat' dir='ltr'>ac·</span> <span class='ocrx_word' id='word_1_271' title='bbox 619 3663 685 3694; x_wconf 88' lang='lat' dir='ltr'>anno</span> <span class='ocrx_word' id='word_1_272' title='bbox 699 3648 760 3711; x_wconf 75' lang='lat'><strong>⁶97·</strong></span> 
     </span>
     <span class='ocr_line' id='line_1_33' title="bbox 54 3721 1130 3793; baseline 0.007 -25"><span class='ocrx_word' id='word_1_273' title='bbox 54 3722 179 3769; x_wconf 65' lang='lat' dir='ltr'>nationi</span> <span class='ocrx_word' id='word_1_274' title='bbox 207 3721 360 3779; x_wconf 70' lang='lat' dir='ltr'>eontrarium</span> <span class='ocrx_word' id='word_1_275' title='bbox 382 3734 436 3773; x_wconf 77' lang='lat' dir='ltr'>est:</span> <span class='ocrx_word' id='word_1_276' title='bbox 460 3726 486 3771; x_wconf 80' lang='grc' dir='ltr'>Ρ.</span> <span class='ocrx_word' id='word_1_277' title='bbox 509 3727 574 3772; x_wconf 88' lang='lat' dir='ltr'>enirn</span> <span class='ocrx_word' id='word_1_278' title='bbox 623 3734 628 3739; x_wconf 90' lang='lat'>&#39;</span> <span class='ocrx_word' id='word_1_279' title='bbox 658 3744 697 3773; x_wconf 84' lang='lat' dir='ltr'>ra.</span> <span class='ocrx_word' id='word_1_280' title='bbox 712 3729 816 3775; x_wconf 65' lang='lat' dir='ltr'>&amp;usam</span> <span class='ocrx_word' id='word_1_281' title='bbox 835 3726 972 3793; x_wconf 61' lang='lat' dir='ltr'>reipublicae</span> <span class='ocrx_word' id='word_1_282' title='bbox 991 3744 1040 3774; x_wconf 79' lang='lat' dir='ltr'>non</span> <span class='ocrx_word' id='word_1_283' title='bbox 1056 3738 1130 3775; x_wconf 78' lang='lat' dir='ltr'>tenes.</span> 
     </span>
     <span class='ocr_line' id='line_1_34' title="bbox 55 3800 1133 3871; baseline 0.006 -24"><span class='ocrx_word' id='word_1_284' title='bbox 55 3800 160 3857; x_wconf 69' lang='lat' dir='ltr'>idn,</span> <span class='ocrx_word' id='word_1_285' title='bbox 174 3800 248 3864; x_wconf 78' lang='lat' dir='ltr'>qnod</span> <span class='ocrx_word' id='word_1_286' title='bbox 260 3801 287 3848; x_wconf 82' lang='lat' dir='ltr'>in</span> <span class='ocrx_word' id='word_1_287' title='bbox 298 3802 469 3861; x_wconf 69' lang='lat' dir='ltr'>conjuratione</span> <span class='ocrx_word' id='word_1_288' title='bbox 486 3804 572 3862; x_wconf 78' lang='lat' dir='ltr'>suerit,</span> <span class='ocrx_word' id='word_1_289' title='bbox 618 3806 648 3853; x_wconf 87' lang='lat' dir='ltr'>ld</span> <span class='ocrx_word' id='word_1_290' title='bbox 666 3818 714 3863; x_wconf 85' lang='lat' dir='ltr'>est,</span> <span class='ocrx_word' id='word_1_291' title='bbox 737 3808 834 3869; x_wconf 76' lang='lat' dir='ltr'>ignoras</span> <span class='ocrx_word' id='word_1_292' title='bbox 852 3806 912 3870; x_wconf 85' lang='lat' dir='ltr'>quid</span> <span class='ocrx_word' id='word_1_293' title='bbox 927 3806 1037 3869; x_wconf 77' lang='lat' dir='ltr'>postulet</span> <span class='ocrx_word' id='word_1_294' title='bbox 1051 3806 1133 3871; x_wconf 87' lang='lat' dir='ltr'>reipu-</span> 
     </span>
     <span class='ocr_line' id='line_1_35' title="bbox 56 3886 1130 3949; baseline -0.002 -16"><span class='ocrx_word' id='word_1_295' title='bbox 56 3892 162 3928; x_wconf 62' lang='grc' dir='ltr'>ΕΜ-</span> <span class='ocrx_word' id='word_1_296' title='bbox 618 3886 688 3933; x_wconf 68' lang='lat' dir='ltr'>buce</span> <span class='ocrx_word' id='word_1_297' title='bbox 701 3889 763 3933; x_wconf 82' lang='lat' dir='ltr'>ratio</span> <span class='ocrx_word' id='word_1_298' title='bbox 776 3898 800 3933; x_wconf 91' lang='lat' dir='ltr'>et</span> <span class='ocrx_word' id='word_1_299' title='bbox 811 3888 910 3933; x_wconf 81' lang='lat' dir='ltr'>utilitas.</span> <span class='ocrx_word' id='word_1_300' title='bbox 921 3888 1009 3935; x_wconf 56' lang='lat' dir='ltr'>bireto</span> <span class='ocrx_word' id='word_1_301' title='bbox 1018 3887 1049 3933; x_wconf 89' lang='lat' dir='ltr'>de</span> <span class='ocrx_word' id='word_1_302' title='bbox 1056 3890 1130 3949; x_wconf 67' lang='lat' dir='ltr'>legg.</span> 
     </span>
    </p>

    <p class='ocr_par' dir='ltr' id='par_1_6' title="bbox 61 3958 1130 4190">
     <span class='ocr_line' id='line_1_36' title="bbox 94 3958 1130 4031; baseline 0.009 -27"><span class='ocrx_word' id='word_1_303' title='bbox 94 3961 178 4005; x_wconf 71' lang='lat' dir='ltr'>11.st</span> <span class='ocrx_word' id='word_1_304' title='bbox 193 3958 404 4023; x_wconf 71' lang='lat' dir='ltr'>tn&#39;bnnpladr&#39;s.</span> <span class='ocrx_word' id='word_1_305' title='bbox 423 3961 481 4009; x_wconf 69' lang='lat' dir='ltr'>Xon</span> <span class='ocrx_word' id='word_1_306' title='bbox 498 3961 576 4026; x_wconf 80' lang='lat' dir='ltr'>liquet</span> <span class='ocrx_word' id='word_1_307' title='bbox 619 3966 672 4022; x_wconf 86' lang='lat'>111,</span> <span class='ocrx_word' id='word_1_308' title='bbox 695 3982 740 4022; x_wconf 84' lang='lat' dir='ltr'>ro,</span> <span class='ocrx_word' id='word_1_309' title='bbox 765 3976 817 4013; x_wconf 82' lang='lat' dir='ltr'>art:</span> <span class='ocrx_word' id='word_1_310' title='bbox 838 3978 955 4013; x_wconf 66' lang='lat' dir='ltr'>uenator</span> <span class='ocrx_word' id='word_1_311' title='bbox 974 3982 1069 4013; x_wconf 82' lang='lat' dir='ltr'>canaam</span> <span class='ocrx_word' id='word_1_312' title='bbox 1083 3980 1130 4031; x_wconf 81' lang='lat' dir='ltr'>po·</span> 
     </span>
     <span class='ocr_line' id='line_1_37' title="bbox 61 4036 801 4108; baseline 0.015 -25"><span class='ocrx_word' id='word_1_313' title='bbox 61 4038 114 4098; x_wconf 65' lang='lat' dir='ltr'>qb</span> <span class='ocrx_word' id='word_1_314' title='bbox 129 4036 206 4085; x_wconf 72' lang='lat' dir='ltr'>leuia</span> <span class='ocrx_word' id='word_1_315' title='bbox 220 4036 264 4087; x_wconf 71' lang='lat' dir='ltr'>fle</span> <span class='ocrx_word' id='word_1_316' title='bbox 278 4038 404 4088; x_wconf 68' lang='lat' dir='ltr'>anm.</span> <span class='ocrx_word' id='word_1_317' title='bbox 420 4040 470 4087; x_wconf 76' lang='lat' dir='ltr'>alti</span> <span class='ocrx_word' id='word_1_318' title='bbox 488 4052 576 4106; x_wconf 79' lang='lat' dir='ltr'>putant</span> <span class='ocrx_word' id='word_1_319' title='bbox 619 4044 672 4108; x_wconf 79' lang='lat' dir='ltr'>puli</span> <span class='ocrx_word' id='word_1_320' title='bbox 687 4056 769 4093; x_wconf 78' lang='lat' dir='ltr'>teneto</span> <span class='ocrx_word' id='word_1_321' title='bbox 780 4072 801 4094; x_wconf 64' lang='grc' dir='ltr'>ι.</span> 
     </span>
     <span class='ocr_line' id='line_1_38' title="bbox 63 4114 1130 4190; baseline 0.004 -25"><span class='ocrx_word' id='word_1_322' title='bbox 63 4114 574 4183; x_wconf 63' lang='grc' dir='ltr'>Μιιῖφααωιακ.ψίῢ-</span> <span class='ocrx_word' id='word_1_323' title='bbox 654 4126 701 4172; x_wconf 65' lang='lat' dir='ltr'>xl.</span> <span class='ocrx_word' id='word_1_324' title='bbox 717 4142 737 4173; x_wconf 81' lang='lat' dir='ltr'>r.</span> <span class='ocrx_word' id='word_1_325' title='bbox 751 4124 791 4173; x_wconf 78' lang='lat' dir='ltr'>sic</span> <span class='ocrx_word' id='word_1_326' title='bbox 805 4126 975 4190; x_wconf 80' lang='lat' dir='ltr'>optineOlir.</span> <span class='ocrx_word' id='word_1_327' title='bbox 989 4124 1130 4173; x_wconf 56' lang='lat' dir='ltr'>[attunt.</span> 
     </span>
    </p>
   </div>
   <div class='ocr_carea' id='block_1_5' title="bbox 0 0 1340 5250">
    <p class='ocr_par' dir='ltr' id='par_1_7' title="bbox 0 0 1340 5250">
     <span class='ocr_line' id='line_1_39' title="bbox 0 0 1340 5250; baseline 0 0"><span class='ocrx_word' id='word_1_328' title='bbox 0 0 1340 5250; x_wconf 95' lang='lat' dir='ltr'> </span> 
     </span>
    </p>
   </div>
  </div>
 </body>
</html>
