2670 5250
300 380 495 448 enarro
520 381 623 448 ruo
649 382 686 449 Ρ.
713 382 894 454 sunus.
1090 387 1134 458 13
1239 354 1242 365 ’

69 505 181 577 iisdem
204 527 264 575 me
283 506 322 574 in
341 502 410 575 bac
427 527 534 574 causa
551 502 651 575 vides
669 503 814 593 adesse,
836 529 920 576 cum
939 508 1073 604 quibus
1093 513 1134 581 in
1224 603 1226 607 ἢ

67 617 184 687 ceteris
215 612 385 711 intelligis
412 612 618 685 abfuisse¹l
644 615 722 686 Nisi
748 640 835 686 vero
860 641 920 688 me
945 642 1061 692 unum
1081 623 1135 715 qis

64 725 192 813 lerum,
210 738 344 823 praeter
358 738 519 811 ceteros,
538 747 596 794 me
612 749 802 823 asperum,
820 749 879 796 me
893 726 1137 801 inhumanum

63 837 275 921 existimari,
307 858 367 904 me
398 832 572 930 singulari
602 835 825 905 immanitate
857 850 892 906 et
924 837 1137 912 crudelitate

12 971 14 982 .
60 946 259 1043 praditum.
283 931 386 1015 Hanc
408 943 498 1014 mibi
520 957 560 1013 tu
579 945 628 1031 si,
647 958 798 1041 propter
814 968 872 1015 res
888 968 986 1017 meas
1002 965 1137 1045 gestas,

59 1057 215 1155 imponis
238 1057 279 1125 in
299 1057 402 1126 omni
420 1055 492 1124 vita
513 1077 593 1125 mea
615 1079 826 1153 personam,
845 1059 1048 1155 Torquate,
1072 1084 1135 1131 ve·

58 1167 247 1238 hementer
269 1189 391 1236 erras:
411 1189 470 1237 me
491 1179 619 1237 natura
639 1165 929 1257 misericordem,
946 1171 1061 1266 patria
1081 1196 1136 1242 se·

57 1305 199 1367 ven1m3
221 1279 412 1352 crudelem
429 1304 498 1351 nec
511 1283 646 1377 patria,
665 1305 734 1351 nec
752 1295 900 1368 natura,
918 1307 995 1355 esse
1009 1284 1134 1356 voluit.

54 1394 222 1489 Denique
236 1393 344 1461 istam
360 1391 474 1487 ipsam
486 1409 681 1489 personam
694 1388 947 1464 vehementem
958 1406 994 1465 et
1003 1419 1135 1485 acrem,

55 1527 162 1599 quam
181 1500 275 1571 mihi
294 1515 374 1571 tum
394 1513 539 1597 tempus
559 1514 595 1571 et
620 1498 825 1598 respublica
848 1503 1042 1602 imposuit,
1059 1506 1134 1601 jam

55 1613 225 1682 voluntas
247 1624 286 1681 et
308 1624 438 1680 natura
460 1611 537 1708 ipsa
555 1609 739 1681 detraxit:
762 1611 822 1684 illa
844 1616 942 1684 enim
960 1615 1004 1686 ad
1025 1614 1137 1688 breve

55 1737 198 1820 tempus
217 1721 446 1792 severitatem
465 1721 682 1818 postulavit;
706 1720 782 1793 bac
801 1725 838 1793 in
859 1727 959 1796 omni
979 1730 1052 1798 vita
1069 1733 1136 1799 mi-

55 1831 289 1919 sericordiam
316 1830 578 1927 lenitatemque
598 1829 787 1902 desiderat.
813 1836 935 1925 Quare
953 1835 1047 1906 nihil
1063 1851 1135 1926 est,

55 1942 154 2039 quod
175 1967 222 2013 ex
247 1955 351 2012 tanto
373 1941 547 2019 comitatu
570 1941 731 2010 virorum
752 1942 1057 2040 amplissimorum
1078 1969 1137 2018 me

55 2079 169 2124 unum
200 2050 402 2123 abstrahas.
434 2049 594 2149 Simplex
620 2048 810 2122 officium²
844 2065 953 2149 atque
981 2079 1055 2124 uua
1082 2069 1137 2126 est

58 2163 245 2234 bonorum
272 2161 437 2232 omnium
462 2184 580 2231 causa.
603 2160 704 2232 Nibil
726 2164 813 2250 erit,
841 2160 941 2258 quod
959 2162 1137 2236 admirere

58 2273 230 2369 posthae,
250 2273 281 2341 si
305 2270 345 2339 in
369 2293 411 2340 ea
436 2285 554 2367 parte,
575 2271 613 2341 in
638 2295 710 2367 qua
734 2269 801 2341 hos
820 2271 1136 2362 animadverteris,

58 2410 109 2455 me
130 2380 286 2454 videbis.
316 2379 424 2451 Nulla
446 2396 500 2453 est
525 2383 623 2454 enim
652 2383 689 2452 in
717 2381 903 2480 republica
927 2409 1033 2457 causa
1053 2411 1134 2460 mea

56 2495 201 2592 propria
213 2489 240 2563 ³.
262 2496 423 2588 Tempus
440 2490 595 2588 agendis
611 2490 680 2562 fuit
697 2495 810 2589 magis
823 2492 913 2563 mihi
927 2497 1134 2592 proprium,

55 2629 164 2699 quam
179 2603 330 2689 ceteris;
344 2600 480 2672 doloris
493 2626 600 2689 vero,
615 2616 652 2672 et
665 2605 825 2690 timoris,
846 2617 882 2673 et
900 2603 1051 2701 periculi
1064 2603 1133 2676 fuit

56 2714 112 2784 illa
135 2737 246 2785 causa
273 2713 488 2784 communis.
514 2715 643 2810 Neque
669 2714 765 2783 enim
788 2717 957 2811 princeps
976 2731 1064 2787 tunc
1087 2714 1133 2787 ad

56 2825 206 2895 salutern
232 2848 310 2895 esse
332 2825 553 2921 potuissem,
579 2824 609 2893 si
633 2848 710 2894 esse
738 2823 795 2892 alii
819 2827 970 2895 comites
993 2826 1131 2896 uoluis-

55 2949 144 3005 sent.
159 2935 283 3024 Quare
297 2957 442 3004 necesse
454 2948 527 3021 est,
544 2932 644 3030 quod
659 2933 749 3003 mibi
758 2931 898 3004 consuli
909 2936 1130 3033 praecipuum

56 3044 120 3114 luit
152 3059 284 3141 praeter
316 3043 425 3130 alios,
451 3042 488 3114 id
514 3043 589 3138 jam
618 3046 758 3142 privato
786 3066 869 3113 cum
897 3045 1026 3115 ceteris
1054 3070 1132 3119 esse

55 3178 262 3224 commune.
294 3156 421 3250 Neque
450 3177 516 3250 ego
544 3152 616 3226 hoc
643 3151 838 3252 partienda
866 3153 1008 3225 invidia
1020 3151 1046 3241 ⁵,
1068 3156 1131 3227 sed

87 3334 132 3380 111.
155 3347 177 3380 1.
198 3328 319 3395 Abfisisse.
331 3333 432 3378 Veteres
452 3328 568 3377 dicebant
649 3340 673 3387 4.
688 3331 790 3394 Tempus
803 3328 902 3395 agend.
916 3333 945 3378 Iu
961 3331 1129 3396 investiganda

54 3409 154 3472 usuam.
441 3411 444 3416 “
612 3411 791 3470 conjuratione.

87 3487 360 3557 2.Siap1eaeoffieium.
379 3489 409 3537 Id
421 3499 470 3547 est,
488 3506 567 3537 nuum
648 3491 671 3537 5.
689 3490 776 3552 Neque
790 3504 836 3553 ego
850 3488 896 3535 soc
907 3488 1046 3551 partienda
1063 3489 1125 3538 invi-

53 3569 81 3615 sb
97 3569 215 3617 omuibus
234 3569 406 3626 observatum,
422 3581 465 3627 ut,
478 3567 565 3617 videli-
611 3567 682 3624 diae,
723 3567 768 3615 sed
799 3567 1009 3615 communicandae
1043 3568 1126 3618 laudis

53 3663 99 3706 eet,
112 3666 187 3697 nano
204 3649 265 3695 civis
282 3649 365 3697 bouus
376 3665 524 3712 quemquam
536 3665 567 3696 ex
611 3663 688 3695 causa
704 3648 798 3711 loquor.
819 3647 894 3710 Quod
913 3647 1015 3696 dixerim
1036 3649 1062 3695 in
1081 3666 1128 3714 op-

52 3731 183 3789 eonjuraus
207 3726 360 3783 defenderim
384 3730 410 3775 P.
430 3729 521 3776 Sullam
542 3738 567 3774 et
612 3728 739 3792 primende
777 3729 947 3789 conjuratione
981 3746 1019 3776 me
1053 3730 1126 3778 fuisse

54 3808 214 3867 Hortensius,
241 3818 265 3853 et
286 3805 360 3853 multi
379 3806 424 3852 viri
443 3807 567 3854 clarissimi
612 3807 764 3871 principem,
789 3818 813 3854 et
841 3824 924 3856 omues
952 3808 1032 3856 bonos
1061 3810 1127 3856 cives

53 3887 194 3948 defendant,
211 3886 352 3948 quodcum
364 3885 568 3946 inconjuratione
614 3886 688 3933 luisse
704 3887 819 3942 comites,
835 3887 861 3934 id
880 3904 932 3934 non
952 3887 1019 3946 dixi,
1039 3900 1066 3934 ut
1078 3905 1127 3935 me-

54 3967 125 4013 seiant
141 3982 193 4012 non
207 3966 287 4014 fuisse.
554 4008 558 4018 ,
613 3980 670 4011 cum
695 3966 822 4023 iuvidiam,
849 3966 980 4030 odiumque
1009 3968 1127 4014 malornm

88 4050 112 4098 3.
128 4048 209 4096 caasa
222 4064 276 4094 mea
282 4046 400 4112 propria.
410 4046 438 4094 ld
446 4057 569 4111 est,quam
614 4044 705 4090 civium
724 4044 837 4104 subeunt,
857 4046 900 4094 sed
921 4057 947 4094 ut
967 4045 1050 4109 gloriar
1068 4045 1129 4095 liant

55 4143 96 4188 ego
107 4127 174 4176 solus
183 4126 322 4192 suscipiam.
614 4122 755 4188 participes.
