2670 5250
363 365 558 435 numo
580 366 684 435 ano
707 367 744 436 r.
768 364 951 437 suem.
1149 395 1194 469 ις,

124 500 282 559 atrorum
298 485 567 583 periculorum,
588 509 703 585 quum
724 484 835 582 hujus
849 485 970 578 urbis,
988 512 1104 586 quum
1118 491 1197 565 illo-

125 620 205 669 rum
224 594 464 668 delubrorum
483 612 595 693 atque
613 597 848 694 templorum,
865 623 982 696 quum
996 624 1195 699 puerorum

126 704 335 794 infantium,
359 732 476 803 quum
496 722 743 779 matronarum
762 731 805 779 ac
822 709 1006 807 virginum
1025 712 1196 785 veniebat

127 818 162 887 iu
178 831 362 903 mentem;
386 831 422 889 ct
448 842 564 914 quum
592 818 661 889 illae
687 815 825 890 infestae
847 844 889 891 ac
910 818 1062 894 funestae
1081 819 1196 912 faces,

125 927 409 1024 universumque
435 928 547 998 totius
573 925 674 1000 urbis
704 928 939 1019 incendium,
965 955 1081 1030 quum
1106 933 1197 1019 tela,

126 1061 238 1134 quum
254 1035 389 1123 caedes,
406 1061 523 1133 quum
539 1040 674 1109 civium
692 1062 812 1127 cruor,
830 1062 946 1137 quum
965 1042 1057 1113 cinis
1071 1046 1196 1139 patriae

126 1148 256 1219 versari
268 1162 353 1218 ante
367 1146 512 1231 oculos,
531 1161 642 1244 atque
660 1148 823 1219 animum
839 1150 1013 1221 memoria
1027 1148 1196 1225 refricare

126 1269 308 1355 coeperat;
324 1270 405 1328 tum
428 1255 590 1353 denique
615 1259 648 1329 ei
672 1258 905 1347 resistebam,
933 1284 1054 1357 neque
1076 1260 1197 1333 solum

127 1368 171 1439 illi
185 1369 287 1439 hosti
301 1391 344 1438 ac
357 1367 566 1465 parricide,
581 1366 644 1438 sed
661 1367 839 1439 bisetium
854 1370 1071 1467 propinquis
1088 1370 1198 1460 illius,

126 1476 318 1564 Marcellis,
344 1477 439 1574 patri
458 1490 495 1548 et
517 1475 595 1547 filio
604 1480 633 1563 ⁴,
652 1501 812 1574 quorum
833 1477 924 1551 alter
939 1479 1038 1576 apud
1054 1504 1114 1552 me
1133 1504 1196 1579 pa·

127 1589 235 1659 tentis
265 1587 497 1684 gravitatem,
527 1587 620 1658 alter
647 1586 713 1657 lilii
742 1592 954 1660 suavitatem
986 1587 1197 1681 obtinebat3

127 1721 243 1795 neque
261 1720 321 1767 me
335 1693 535 1767 arbitrabar
549 1698 627 1767 sine
643 1720 787 1768 summo
805 1697 940 1770 scelere
956 1722 1080 1795 posse,
1094 1698 1198 1796 quod

128 1804 345 1879 maleficium
369 1807 409 1876 in
426 1805 504 1877 aliis
522 1806 780 1894 vindicassem,
798 1805 895 1877 idem
917 1809 958 1877 in
975 1806 1120 1879 illorum
1138 1832 1197 1881 so·

128 1918 199 2005 cio,
221 1940 341 2014 quum
356 1916 506 2004 scirem,
523 1913 730 1988 defendere.
746 1920 866 2014 Atque
880 1915 977 1989 idem
991 1941 1060 2014 ego
1078 1941 1199 2014 neque

127 2032 160 2099 Ρ.
177 2028 316 2099 Sullam
335 2027 538 2125 supplicem
559 2024 676 2114 ferre,
700 2052 822 2125 neque
841 2027 988 2101 eosdem
1006 2028 1197 2101 Marcellos

128 2133 218 2235 pro⁵
244 2135 357 2233 bujus
383 2135 555 2234 periculis
582 2135 820 2233 lacrymantes
846 2135 1056 2235 adspicere,
1076 2161 1198 2234 neque

127 2246 233 2341 hujus
250 2250 301 2317 M.
319 2242 532 2331 Messallae
544 2245 705 2319 hominis
723 2247 930 2331 necessarii,
948 2270 1075 2343 preces
1089 2248 1197 2319 susti·

128 2382 213 2429 nere
230 2357 347 2455 potui.
366 2360 495 2452 Neque
514 2358 611 2427 enim
631 2371 685 2427 est
703 2380 810 2429 causa
824 2354 1023 2428 adversata⁷
1044 2368 1196 2444 naturae,

128 2490 192 2539 nec
222 2466 361 2555 bomo,
386 2491 455 2538 nec
482 2491 541 2539 res
567 2465 821 2541 misericordiae
852 2491 941 2539 meae
965 2467 1195 2564 repugnavit.

130 2579 311 2673 Nusquam
335 2570 508 2662 uomen⁸,
531 2600 713 2674 nusquam
737 2578 930 2676 vestigium
957 2573 1198 2661 fuera13uul·

131 2683 199 2756 lum
211 2687 371 2774 crimen,
386 2684 528 2755 nullum
544 2685 737 2777 indicium,
751 2688 853 2759 nulla
867 2688 1036 2786 suspicio.
1050 2686 1200 2784 Suscepi

131 2806 305 2883 mummi),
324 2801 527 2893 Torquate,
546 2799 708 2896 suscepi,
728 2813 765 2870 et
785 2796 854 2869 feci
875 2795 1042 2884 libenter,
1061 2810 1103 2867 ut
1123 2818 1200 2882 me,

132 2931 234 3004 quem
253 2905 344 2976 boni
367 2921 594 2977 constantem
614 2932 768 3006 semper,
789 2923 832 2979 ut
850 2930 978 3006 sper0,
1003 2908 1199 2978 existimas·

131 3032 220 3106 sent,
230 3015 403 3089 eumdem
414 3040 460 3087 ne
470 3016 629 3116 improbi
639 3016 787 3115 quidem
801 3017 985 3089 crudelem
1001 3015 1173 3087 dicerent.

162 3224 189 3270 4.
205 3212 347 3269 laudis,
361 3212 432 3276 patri
449 3211 547 3279 resilio.
564 3212 639 3262 citus
686 3221 771 3261 orator
785 3212 932 3277 luit‚quem
953 3226 1010 3259 cnnn
1026 3211 1065 3258 Μ.
1078 3207 1198 3257 Marcello

131 3305 228 3358 uterque
235 3292 465 3355 cognominabatur.
478 3293 567 3339 Putant
575 3294 640 3339 blar-
683 3292 807 3340 Aeconim
826 3300 938 3339 numerat
961 3291 1025 3337 inter
1047 3289 1131 3336 &anri
1151 3303 1198 3352 pn·

131 3374 213 3422 cellum
230 3386 326 3439 putrem
339 3389 395 3420 enm
409 3388 474 3431 aare,
493 3387 565 3435 qne·
581 3380 640 3437 port
683 3381 777 3419 tronus.

130 3453 221 3503 tivilm
245 3452 389 3513 victoriam,
411 3462 497 3499 unctu
519 3462 639 3515 rogante,
720 3467 745 3510 7.
771 3449 906 3497 Adversata
933 3459 1036 3496 natura.
1068 3445 1196 3496 Contraria

130 3533 205 3582 (aar
217 3533 335 3581 restitnit.
683 3545 742 3576 neae
755 3540 863 3585 netum,
889 3525 977 3574 indoli.
991 3552 1027 3562 -
1040 3525 1093 3575 Nec
1112 3525 1194 3573 homo.

161 3612 188 3663 5.
202 3613 314 3662 aberam
331 3610 383 3658 baec
404 3609 493 3668 verbe,
518 3631 529 3653 ι
542 3624 633 3672 pro...
683 3608 712 3657 ld
731 3618 781 3665 eat,
797 3606 874 3655 Sulla.
891 3632 927 3643 -
946 3607 1049 3655 Mereor.
1069 3607 1125 3653 Hoc
1145 3614 1193 3662 est,

129 3691 285 3756 adspicere-z
299 3690 392 3754 primns
404 3690 516 3737 lacunam
528 3687 638 3752 explevit
682 3686 807 3750 negotium
817 3686 906 3748 ipsum.

128 3773 244 3819 Gruterus
263 3788 295 3819 ex
312 3770 459 3818 membranis
476 3769 565 3817 Erfurt.
579 3769 638 3814 Ona·
720 3767 743 3814 8.
764 3766 890 3827 Nusquam
901 3777 1003 3817 nomeu,
1014 3778 1137 3826 nusquam
1147 3778 1193 3811 'u-

128 3866 167 3899 nca
178 3850 270 3900 debinc
281 3866 403 3913 recepere.
418 3848 487 3897 Idem
498 3851 639 3896 Gmternse
683 3843 790 3910 sn'gva'um.
801 3843 882 3890 Sullae.

129 3931 198 3978 codd.
219 3931 306 3979 iisdem
332 3928 429 3978 rddidit
459 3927 533 3976 verba
553 3925 638 3974 ·nnlln
719 3940 744 3985 9.
756 3922 857 3986 Suscepi
868 3937 979 3969 cararum.
994 3919 1024 3967 Id
1040 3931 1092 3981 eet,
1109 3920 1194 3967 defen·

129 4010 269 4073 micion,
285 4021 356 4059 antea
364 4010 462 4057 emim.
475 4009 500 4056 J.
506 4010 538 4055 V.
548 4010 577 4055 L.
683 4003 776 4049 sionem
790 4001 990 4066 Sullae-Quem
1001 3998 1070 4049 boni.
1085 3997 1193 4047 Suband.

161 4090 186 4135 6.
199 4091 233 4138 Π.
248 4090 376 4139 Messalla.
389 4089 426 4138 Μ.
440 4085 553 4135 Messalla
562 4085 639 4149 Niger
683 4082 756 4131 cives.

1067 4188 1099 4230 2.
