2670 5250
233 842 282 914 26
560 845 609 911 M.
635 843 673 910 T.
702 841 986 913 CICERONIS

228 966 261 1037 si
278 988 322 1036 ea
338 961 406 1034 tibi
430 965 527 1061 regia
549 960 736 1050 videntur,
754 960 856 1058 quod
876 984 1007 1033 omnes
1026 960 1118 1034 boni
1138 968 1317 1039 omniurn

232 1096 408 1173 generum
428 1088 537 1169 atque
556 1069 727 1142 ordinum
741 1093 845 1141 suam
858 1070 1010 1142 salutem
1027 1094 1112 1143 cum
1126 1096 1210 1146 mea
1223 1100 1314 1149 eou-

230 1188 418 1284 jungunt²
433 1211 443 1272 ;
461 1181 650 1254 consolare
672 1195 732 1269 te,
758 1180 860 1277 quod
883 1182 1049 1252 omnium
1074 1198 1220 1257 mentes
1241 1187 1317 1257 im·¹

233 1294 435 1394 proborum
456 1291 545 1361 mihi
563 1292 629 1360 uni
644 1291 800 1363 maxime
817 1304 905 1361 sunt
916 1289 1065 1362 infensae
1082 1305 1122 1364 et
1136 1291 1309 1368 adversae.

234 1406 308 1496 Qui
323 1424 476 1473 menon
497 1400 615 1472 solum
633 1398 768 1471 idcirco
786 1398 963 1488 oderunt,
983 1399 1085 1499 quod
1100 1426 1233 1475 eorum
1251 1430 1315 1479 oo-

232 1527 341 1584 natus
360 1512 492 1608 impios
512 1524 548 1583 et
567 1509 726 1582 furorem
746 1509 1031 1582 consceleratum
1047 1516 1227 1609 repreasi3
1246 1514 1312 1589 sed

233 1646 279 1694 eo
296 1623 404 1694 etiam
422 1621 555 1719 magis,
577 1619 678 1718 quod
700 1619 792 1691 nihil
810 1620 886 1716 jam
907 1644 947 1693 se
968 1621 1102 1709 simile,
1125 1646 1188 1696 me
1204 1625 1310 1715 vivo,

234 1733 358 1805 conari
375 1756 481 1830 posse
502 1730 735 1802 arbitrantur.
756 1735 802 1801 At
823 1730 1019 1828 veroquid
1037 1754 1107 1829 ego
1127 1734 1258 1823 miror,
1278 1735 1310 1806 si

233 1842 324 1942 quid
350 1841 396 1914 ab
426 1840 601 1940 improbis
632 1841 679 1914 de
708 1865 766 1913 me
797 1839 966 1940 improbe
996 1840 1163 1913 dicitur:
1192 1867 1309 1941 quum

233 1956 274 2025 L.
296 1948 529 2051 Torquatus³
551 1954 647 2051 ipse,
671 1955 850 2050 primum,
871 1952 929 2024 his
949 1950 1199 2026 fundamentis
1220 1953 1310 2027 ado·

232 2064 414 2137 lescentiae
431 2066 557 2159 jactis,
581 2087 624 2134 ea
648 2087 712 2161 spe
737 2064 925 2161 proposita
948 2062 1176 2161 amplissimae
1195 2062 1311 2161 digui-

234 2175 336 2264 tatis,
357 2174 489 2246 deinde
508 2175 766 2272 L.·Torquati,
786 2171 970 2245 fortissimi
994 2174 1155 2245 consulis
1166 2178 1196 2262 ⁴,
1217 2198 1310 2246 con·

234 2286 443 2357 stantissimi
462 2287 660 2374 senatoris,
681 2309 823 2382 semper
841 2287 970 2383 optimi
988 2285 1094 2367 civis,
1117 2282 1234 2372 filius,
1256 2287 1311 2357 in·

232 2394 379 2467 terdum
414 2393 588 2467 efferatur
621 2394 924 2467 immoderatione
959 2392 1183 2467 verbommi
1213 2398 1309 2486 Qui,

234 2531 351 2605 quum
373 2530 567 2605 suppressa
584 2501 701 2578 voce⁵
720 2504 765 2578 de
782 2505 917 2579 scelere
933 2508 970 2577 P.
988 2504 1154 2592 Lentuli,
1175 2503 1222 2576 de
1245 2530 1310 2577 au·

234 2615 335 2689 dacia
361 2617 636 2713 conjuratorum
665 2618 830 2688 omnium
861 2616 1027 2703 dixisset,
1050 2615 1310 2689 tautummodo

233 2740 276 2796 ut
297 2750 381 2810 vos,
399 2732 464 2822 qui
482 2752 524 2797 ea
543 2726 706 2824 probatis
716 2725 743 2813 ⁶,
767 2726 936 2799 exaudire
952 2729 1130 2825 possetis,
1149 2722 1198 2798 de
1219 2750 1310 2825 sup-

233 2833 342 2931 plicio
366 2838 403 2903 P.
425 2834 589 2919 Lentuli,
611 2835 657 2907 de
670 2832 855 2924 'carcere⁷,
873 2860 1001 2934 magna
1020 2851 1057 2907 et
1076 2835 1311 2935 queribunda

233 2966 323 3014 voce
342 2941 495 3015 dicebat.
518 2948 562 3015 ln
585 2970 660 3043 quo
686 2948 844 3044 primum
868 2946 958 3019 illud
984 2961 1061 3019 eret
1084 2944 1311 3035 absurdum,

235 3050 357 3148 quod,
380 3076 498 3150 quum
523 3079 584 3140 ee,
617 3080 699 3153 quae
726 3054 882 3129 leniter⁸
910 3057 1067 3147 dixerat,
1092 3053 1197 3127 vobis
1218 3078 1310 3153 pro-

233 3159 321 3233 bare
342 3161 506 3247 volebat,
530 3189 593 3238 eos
615 3182 757 3257 autem,
781 3172 845 3265 qui
871 3172 1009 3240 circum
1033 3165 1211 3264 judicium
1236 3182 1309 3239 sta·

235 3270 346 3361 bant,
366 3273 492 3346 audire
506 3276 673 3366 nolebat3
691 3304 768 3350 non
785 3278 1024 3375 intelligebat,
1041 3302 1101 3367 ea,
1118 3302 1199 3374 quae
1211 3277 1313 3350 clare

270 3460 490 3508 alienandum
503 3477 558 3510 cum
574 3479 629 3511 mea
645 3463 746 3527 conjura·
825 3467 851 3514 ⁶.
863 3465 912 3528 Qui
923 3481 954 3512 ea
965 3462 1085 3529 probatis.
1098 3466 1162 3527 Qua
1171 3462 1307 3513 deuouere

230 3550 301 3607 gunt.
312 3540 343 3589 Id
357 3551 405 3600 eat,
423 3540 503 3588 salvos
516 3557 542 3589 ao
554 3557 607 3590 uon
627 3543 680 3593 lure
697 3560 746 3609 pu·
790 3545 889 3593 diceret.

234 3630 300 3679 taut,
309 3621 357 3669 niti
368 3620 449 3669 salvus
463 3635 518 3685 ego.
826 3641 850 3685 7.
859 3625 895 3671 Do
908 3622 1071 3688 supplicio...
1089 3621 1122 3670 de
1138 3636 1248 3673 oum.
1263 3622 1310 3671 Vi·

269 3700 294 3750 3.
314 3701 394 3764 Quum
409 3702 438 3749 L.
452 3701 596 3764 Torquatus.
610 3702 635 3749 A
649 3703 746 3752 minore
789 3702 892 3750 debatur
904 3702 974 3766 querl
985 3713 1011 3771 et
1023 3716 1086 3766 tegre
1102 3700 1309 3751 sermunculum

232 3778 264 3828 ad
276 3782 392 3841 maiorem
406 3778 513 3827 ostendit
525 3778 589 3827 nihil
607 3781 746 3831 mirandum
789 3783 817 3830 iu
838 3796 934 3830 oarcera
955 3774 1309 3847 atmugulatumsuiasa.1llaa

234 3874 303 3916 etse,
324 3858 345 3906 al
361 3858 392 3906 da
406 3874 431 3906 ae
445 3858 553 3922 improbi
566 3858 746 3924 obloquuntur,
789 3861 954 3926 querimonias
965 3876 1016 3909 nou
1029 3861 1134 3926 pmbara
1149 3859 1248 3931 judioea
1263 3863 1309 3913 tle·

233 3954 310 4004 quum
319 3937 390 3985 etiam
401 3940 429 3985 L.
436 3940 575 4001 Torquatus
582 3940 676 4002 probus
686 3940 746 3990 ado·
789 3942 889 4000 bebant,
904 3940 947 3988 sed
965 3942 1047 4001 malis,
1064 3941 1108 4006 qui
1127 3941 1221 3989 ciream
1235 3942 1308 4004 judl-

234 4016 328 4067 lesoena
341 4016 373 4064 da
386 4032 416 4063 eo
427 4016 539 4081 improba
551 4016 675 4081 loquatur.
790 4023 856 4071 oium
869 4021 980 4084 stabant,
994 4032 1125 4069 nouerant
1135 4020 1241 4086 ingrata.
1326 4016 1329 4021 ¹

269 4106 295 4154 4.
306 4095 425 4147 consutis.
439 4096 467 4144 Id
480 4108 532 4157 eat,
548 4098 591 4162 qui
602 4097 746 4147 lordaaimua
827 4104 851 4150 8.
861 4102 964 4151 leuiter.
981 4102 1022 4150 Sic
1034 4101 1085 4149 duo
1099 4100 1175 4150 rodd.
1192 4117 1243 4165 reg.
1257 4116 1308 4167 pro

232 4193 298 4226 auno
308 4192 354 4225 auo
367 4176 453 4224 couaul
464 4176 520 4226 fult.
772 4182 859 4245 ·vulq.
869 4181 958 4229 leviter.
967 4182 1055 4231 Cicero
1064 4182 1116 4245 ipsa
1124 4180 1168 4230 lib.
1176 4181 1307 4233 rdaoffio.

270 4257 296 4307 5.
309 4259 442 4321 Suppresra
456 4271 524 4305 uoce.
538 4257 568 4305 Id
581 4267 633 4317 eat,
650 4256 746 4309 leuiter.
791 4260 872 4309 dixit:
895 4263 949 4309 «lu
969 4277 1031 4309 voce
1051 4260 1102 4309 duo
1120 4276 1261 4325 sequamur,
1277 4272 1308 4311 att

232 4336 318 4402 Carpit
329 4336 496 4399 Torquatum,
515 4336 549 4384 ita
565 4337 596 4385 (le
611 4338 746 4398 coujuratio
791 4339 854 4388 alara
865 4341 899 4389 ait
915 4350 939 4388 et
950 4342 1040 4388 suavia.
1053 4341 1307 4404 Utrumqueomnim

230 4426 358 4483 agentem,
377 4424 406 4463 ut
423 4429 507 4462 eorum
522 4431 601 4465 causer
612 4418 693 4465 favere
706 4418 744 4466 ri·
790 4429 902 4469 anatum
918 4419 1053 4484 petendum
1071 4430 1122 4479 επις
1142 4436 1228 4469 rea-ura
1242 4421 1305 4470 alta·

231 4496 341 4553 dantum
359 4508 436 4558 quum
453 4503 533 4543 tamen
547 4496 639 4546 Sullam
657 4498 743 4559 eonju-
788 4512 842 4545 rum
853 4498 997 4547 examitatio
1010 4497 1123 4563 augebit,
1135 4497 1239 4547 altarum
1247 4498 1305 4549 tmi-

232 4574 332 4628 ratiouir
345 4584 476 4624 accusaret.
788 4579 849 4628 tatio
861 4594 941 4643 praese
949 4578 1104 4645 loquentium
1116 4589 1141 4629 et
1154 4580 1269 4629 leniter».
