2670 5250
167 385 1055 407 mmmmmmmmmmuuwmmmw
1062 389 1201 409 mussw

1052 419 1056 431 ι

214 535 538 624 PRAEFATIO
571 534 745 625 NOVI
776 535 1126 693 uDITQRIs

464 723 861 761 *—

144 805 286 957 Onon
322 869 449 928 nostra
477 855 554 927 brec
577 854 823 927 Tullianarum
851 858 1061 928 orationum
1089 858 1202 934 editio

139 956 342 1051 plusquam
378 951 542 1025 medium
579 977 727 1024 cursum
765 955 1001 1052 transegerit,
1031 970 1069 1027 et
1099 954 1201 1030 brevi

136 1053 265 1152 inipso
291 1050 365 1122 fine
391 1051 437 1123 sit
460 1051 690 1149 acquietura,
710 1075 830 1149 operae
856 1052 1016 1150 pretium
1041 1051 1202 1128 facturos

135 1148 326 1246 legentibus
338 1173 407 1222 nos
420 1148 652 1235 arbitramur,
666 1153 697 1219 si
713 1147 911 1248 paullisper
926 1147 999 1237 bic,
1011 1166 1201 1224 emensum
1238 1156 1242 1161 ’

134 1245 342 1319 curriculum
362 1245 587 1342 relegamus,
612 1259 649 1317 et
675 1248 713 1316 in
734 1248 862 1344 primis
885 1245 1071 1345 quidhoc
1099 1262 1202 1323 tomo

178 1359 254 1416 arto
281 1348 327 1417 sit
352 1341 557 1442 profectum
582 1345 831 1442 respiciamus.
851 1347 1085 1441 Quamquam
1105 1350 1202 1421 enim

131 1368 215 1513 ieitci
234 1440 308 1513 fato
339 1439 446 1513 nobis
472 1443 652 1538 contigit,
672 1455 734 1530 ut,
756 1439 936 1540 quidquid
969 1442 1203 1519 studentibus

130 1539 332 1634 adjumento
354 1553 467 1625 esset,
494 1543 533 1610 in
560 1561 677 1610 unum
702 1553 917 1635 congestum
941 1540 993 1612 eis
1021 1543 1198 1641 suppedi-

130 1649 213 1724 tare,
230 1651 265 1707 et
282 1650 405 1708 erutas
415 1660 435 1708 e
446 1637 673 1708 Germanicis
684 1634 888 1732 Anglicisve
903 1638 1019 1735 capsis
1039 1663 1128 1736 opes
1144 1640 1200 1713 of·

130 1730 213 1806 ferre
236 1734 399 1820 licuerit3
422 1737 545 1806 nescio
564 1747 687 1805 tamen
708 1758 754 1804 an
778 1732 885 1831 plura
904 1758 1078 1832 umquam
1099 1743 1200 1811 auxi-

129 1829 184 1917 lia,
214 1832 319 1929 plura
349 1856 432 1929 quae
460 1829 631 1930 gravibus
662 1844 700 1902 et
729 1831 916 1902 literarum
949 1836 1200 1908 amantissimis

130 1931 203 2000 viris
228 1929 338 2028 digna
366 1943 508 2017 essent,
531 1952 660 2000 eorum
689 1926 807 2000 oculis
829 1926 965 2001 fuerint
989 1934 1200 2030 proposita,

128 2050 231 2122 quam
246 2052 327 2124 quae
344 2027 416 2098 hoc
434 2028 472 2097 in
486 2026 674 2098 volumine
688 2027 937 2105 continentur.
954 2030 1198 2140 Praeterquam

129 2129 216 2194 enim
246 2123 350 2222 quod
377 2126 584 2211 Garatonii,
611 2122 793 2211 Sclriitzii,
813 2123 933 2216 Beckij
949 2122 1199 2225 editionibus,

129 2237 160 2292 ut
177 2223 216 2293 in
232 2223 364 2294 ceteris
382 2221 651 2308 voluminibus,
670 2223 733 2322 uti
743 2212 1199 2325 lituiquacoessqreqatiam,

170 2319 220 2391 od
237 2319 282 2392 ad
299 2321 526 2392 Plancianam
543 2324 698 2404 attinet,
710 2315 1083 2417 seeundaeuGaraiopii
1102 2323 1198 2418 ejus-

147 2442 201 2488 em
221 2417 425 2490 doctissimi
438 2420 506 2489 viri
522 2442 633 2505 curae,
646 2442 748 2514 quae,
761 2423 877 2515 quiam
892 2419 984 2504 mira
994 2430 1071 2504 erte
1086 2436 1197 2493 auctae

127 2528 156 2583 et
170 2530 351 2604 tractata,
370 2530 449 2586 tum
472 2540 518 2587 eo
545 2516 745 2612 prasertim
769 2510 919 2613 nomine
937 2514 1197 2602 commendan-

127 2624 188 2698 tur,
211 2613 313 2711 quod
333 2615 617 2712 praestantissimi
635 2614 703 2683 viri
723 2611 1195 2713 Gerre-{arelltittrricensis

127 2709 335 2804 professoris
356 2709 609 2783 adnotationes
634 2709 806 2782 habeant·
831 2712 951 2800 Quem
972 2710 1127 2801 librum,
1156 2731 1197 2786 ut

127 2810 258 2905 ingenti
278 2809 450 2880 doctrinae
472 2812 645 2880 varietate
664 2807 859 2893 refertum,
874 2832 942 2879 nec
958 2814 1111 2881 omnino
1130 2839 1197 2884 no·

126 2918 215 2991 tum,
239 2922 279 2978 ut
300 2909 363 3004 qui
386 2910 432 2978 sit
448 2908 649 2994 recentior,
670 2930 802 3002 magna
825 2921 988 3003 exparte
1008 2911 1197 3008 exscripsi·

127 3026 217 3093 mus,
232 3020 268 3076 et
283 3029 393 3102 quam
413 3005 569 3103 plurima
587 3029 669 3101 quae
682 3003 729 3076 ad
747 3027 971 3092 sermonem,
987 3004 1193 3096 historiam,

126 3104 392 3198 antiquitatem,
413 3118 476 3174 aut
502 3101 671 3174 codicum
692 3099 802 3173 fidem
828 3101 1082 3199 pertinebant,
1108 3104 1193 3178 inde

126 3194 306 3271 hausimus
320 3215 358 3270 et
371 3203 623 3298 expressimus.
638 3200 725 3291 Quae
739 3223 808 3270 nos
819 3222 864 3270 eo
878 3200 989 3296 magis
1003 3198 1192 3295 adjuvere,

125 3297 217 3390 quod
251 3300 288 3368 iu
322 3297 514 3369 Planciana
546 3297 726 3395 permulta
754 3295 875 3367 adhuc
901 3296 1194 3393 depravatissima

126 3393 262 3465 codices
276 3393 475 3482 tradidere,
494 3394 746 3492 nonnullaque
770 3395 877 3465 etiam
901 3392 1079 3480 resident,
1092 3422 1190 3494 que,

90 3508 103 3540 ⁴
126 3493 339 3586 conjecturis
369 3495 493 3564 innixa
520 3491 725 3580 fallacibus,
750 3491 943 3562 certiorem
974 3491 1192 3566 medicinam

124 3586 326 3686 efflagitent.

166 3690 248 3757 Fuit
270 3689 467 3761 etiamalio
486 3703 522 3759 et
541 3690 676 3784 majore
695 3686 829 3759 auxilio
851 3685 896 3757 ad
916 3687 1107 3785 plerasque
1123 3688 1192 3762 hu·

121 3782 215 3873 jusce
235 3784 431 3857 voluminis
449 3791 631 3858 orationes
643 3788 714 3872 uti,
731 3786 880 3858 invento
903 3810 1035 3882 nempe
1054 3786 1193 3858 Medio·

124 3882 188 3950 lani
206 3897 330 3954 vetere
352 3883 563 3969 scholiaste,
583 3906 692 3981 quem
712 3883 876 3980 quamvis
899 3885 1096 3954 Asconium
1115 3910 1192 3956 esse

123 3978 350 4052 doctissimus
368 3983 423 4051 vir
447 3981 668 4054 Niebiihrius
693 3984 823 4051 merito
851 3983 1052 4078 negaverit,
1082 4007 1191 4051 nemo

124 4092 237 4148 nmen
253 4076 483 4167 diffitebitur,
498 4079 743 4154 vetustissimae
759 4103 843 4152 eum
858 4103 935 4151 esse
955 4080 1190 4176 antiquitatis.

214 4193 275 4259 IV.
305 4207 354 4252 cic.
364 4222 419 4270 pm
434 4207 542 4253 recrtmla.
858 4230 860 4233 .
1043 4217 1065 4258 a
